2112 2634
948 76 1140 107 --7—

195 168 312 206 quidem
337 167 403 197 dicit
428 175 487 206 (με.
511 167 614 203 1315);
651 173 781 206 ‘repente
807 168 842 196 ist
868 166 943 196 nii-lit
970 167 1096 196 sinnlos.
1128 166 1255 195 sendo-ru
1287 167 1332 195 die
1361 167 1484 196 leldial'ts·
1511 167 1663 197 l‘liantasia·
1688 169 1737 197 des
1763 168 1893 198 nictum-³

194 230 316 254 versent
340 224 400 253 sicli
426 223 453 253 ἰιι
478 224 524 253 die
548 223 606 252 Zeit
633 224 682 252 des
702 223 848 252 chlisels
873 224 901 252 in
927 223 976 252 der
994 223 1248 255 Weltlierrschal't.
1281 223 1332 252 der
1363 224 1484 252 tausend
1509 223 1685 262 'l'odesnege
1718 225 1768 253 init
1793 225 1890 253 vinem

193 279 247 309 Mal
283 281 407 309 erenaei
445 280 508 311 bat.
543 279 587 309 die
618 279 722 308 vui-liei·
752 279 805 308 alle
838 279 1006 308 unbekannt
1032 288 1164 314 guwesen
1189 288 1300 311 waren,
1337 279 1386 307 das
1412 280 1585 308 Adverbium
1611 281 1644 309 ist
1671 290 1725 317 eng
1751 282 1802 309 init
1826 282 1890 310 dem

193 336 335 366 Zaliluort
359 346 393 366 zu
419 335 599 370 verbinden'·,
633 335 767 365 similiter
790 335 835 364 liic
859 344 919 373 (μς.
944 336 1047 371 12·›⁴5):
1086 336 1145 364 ‘ltie
1171 335 1365 364 dic-literiscbe
1389 336 1594 374 Anscliauung.
1619 346 1670 365 :ms
1694 337 1746 365 der
1770 347 1799 365 cs
1825 337 1890 366 lier-

194 401 404 430 vorgegangen,
429 391 531 430 glaube
555 392 598 420 icli
623 391 750 420 deutlich
774 401 808 420 zu
832 392 996 420 erkennen:
1031 392 1101 429 jetzt
1137 391 1270 430 plsntzlicli
1295 408 1333 412 —
1359 401 1416 421 wer
1451 402 1514 429 mag
1549 402 1652 430 sagen,
1690 393 1742 422 wie
1777 404 1806 422 es
1842 403 1891 422 zn-

193 446 366 486 gegangen‘?
392 466 419 468 -κ
453 449 487 477 ist
512 449 580 477 alles
604 447 726 477 anders'.
773 447 849 476 llaec
874 447 942 476 l'erri
968 448 1090 477 tortasse
1116 454 1242 485 possent.
1275 448 1327 477 nisi
1355 448 1581 477 antecederent
1606 449 1689 478 verba
1714 452 1801 478 ‘nunc
1827 449 1891 477 lovi·

193 505 248 534 sub
283 504 404 534 domino
439 504 542 534 caedes
578 509 607 532 et.
638 504 755 533 vulnera
792 503 926 542 semper'.
972 504 1022 533 llis
1053 503 1130 532 enim
1161 510 1260 541 poeta‚
1296 510 1327 533 ut
1350 510 1434 534 antea
1458 510 1565 534 statum
1592 514 1689 534 rerum
1715 506 1806 543 qualis
1831 511 1892 534 erat

192 560 320 590 Saturno
344 570 409 598 rege
432 561 576 599 depinxit,
600 560 633 589 ad
658 562 781 589 ferream
806 565 930 589 aetatem
955 560 1101 589 transiens
1126 559 1246 589 minime
1270 560 1354 595 dixit,
1387 570 1475 599 quae,
1507 561 1734 600 simulatque
1757 562 1892 600 Juppiter

193 626 282 655 reguo
307 617 416 655 potitus
440 622 527 651 esset,
552 622 613 645 tum
638 616 766 646 subito
791 616 938 645 incidisset
966 616 1088 644 mutatio
1113 625 1222 649 rerum,
1246 616 1296 644 sed
1323 616 1391 645 item
1415 622 1523 646 statum
1548 617 1684 646 describit
1700 618 1794 655 qualis
1813 627 1892 646 nunc

193 683 309 712 semper
333 678 376 702 est
399 673 465 702 love
489 673 542 702 sub
566 673 696 707 domino,
719 673 737 701 i.
755 683 780 702 e.
805 673 886 701 dum
912 672 1038 710 luppiter
1063 678 1173 710 regnat.
1206 671 1364 710 Postquam
1388 673 1540 703 antecessit
1567 673 1622 702 hoc
1646 673 1773 712 primum
1793 673 1891 703 ‘nunc'

192 730 379 759 coniunctum
414 739 479 759 cum
511 729 605 759 verbis
635 729 710 758 ‘love
737 729 792 758 sub
820 718 949 757 domino'
978 734 1002 758 el
1037 727 1215 767 'semper',
1253 734 1368 766 poetam
1400 738 1466 758 cum
1499 730 1694 768 sequentibus
1718 729 1815 759 ‘nunc'
1842 740 1892 768 per

192 784 364 825 ἀναφοράν
387 786 518 824 repetitis
541 796 555 815 a
579 791 654 815 statu
681 785 872 815 describendo
896 785 987 814 delabi
1011 786 1045 814 ad
1071 785 1146 814 aliud
1171 785 1318 823 quoddam
1344 790 1475 824 tempus,
1505 786 1614 815 scilicet
1644 786 1678 815 ad
1704 795 1794 815 unum
1822 786 1891 815 illud

191 848 333 881 punctum
358 852 416 881 quo
440 842 515 871 facta
538 848 608 872 sunt
631 851 705 880 quae
729 851 792 871 esse
817 841 904 871 modo
928 841 1110 875 dicebantur.
1144 841 1212 870 milii
1245 841 1338 870 multo
1368 841 1465 870 miuus
1492 842 1549 870 veri
1573 842 1668 871 simile
1691 843 1804 871 videtur
1827 852 1891 871 esse

193 907 279 937 quam
305 908 405 927 vocem
431 898 571 937 'repente‘
595 908 609 928 a
630 898 744 928 Tibullo
768 899 906 936 scriptam
931 907 990 927 nou
1015 908 1088 927 esse.

334 957 415 990 Quae
440 964 492 983 vox
517 954 588 993 quin
621 965 634 983 a
659 954 774 983 Tibullo
804 954 910 992 scripta
935 963 993 983 non
1018 954 1068 988 sit,
1101 963 1136 982 ne
1161 954 1178 982 ii
1202 953 1322 992 quidem
1347 954 1454 983 debent
1478 953 1611 983 dubitare
1639 955 1688 993 qui
1714 954 1797 984 verba
1830 955 1889 984 'leti

193 1010 270 1040 mille
295 1010 364 1039 viae’
388 1020 422 1040 ex
446 1011 670 1050 interpolatione
696 1011 824 1049 prosecta
849 1020 914 1039 esse
939 1020 1026 1048 posse
1050 1016 1164 1047 negant.
1206 1010 1251 1039 Cr.
1275 1010 1404 1049 quidem,
1428 1011 1473 1039 cui
1497 1019 1570 1048 quae
1594 1011 1724 1049 potuisse
1740 1010 1889 1040 ‘l'ibullum

191 1067 318 1096 scribere
349 1067 547 1096 demonstravi
579 1067 745 1106 (scripsisse
777 1076 835 1096 non
867 1067 1028 1104 autumavi)
1058 1066 1171 1104 ‘longae
1202 1067 1258 1095 fata
1292 1067 1350 1096 riae
1381 1067 1545 1105 properant'
1574 1076 1630 1096 non
1665 1067 1752 1105 magis
1776 1068 1891 1106 placent

191 1132 281 1161 quam
305 1123 420 1161 llugoni
442 1123 574 1162 Magnus,
600 1124 671 1152 haec
693 1124 762 1152 dicit
784 1124 844 1162 (pg.
862 1124 948 1161 360):
974 1123 1060 1152 ‘Aber
1083 1132 1168 1152 wenn
1184 1122 1269 1152 Leo’s
1286 1122 1466 1161 Schreibung
1490 1123 1563 1152 auch
1589 1124 1668 1152 nicht
1693 1124 1804 1153 haltbar
1827 1124 1889 1153 sein

191 1180 289 1214 sollte.
323 1190 356 1208 so
382 1180 481 1209 wurde
505 1179 610 1209 daraus
634 1180 708 1209 doch
733 1180 809 1209 nuch
833 1180 914 1209 nicht
940 1180 991 1208 mit
1013 1179 1178 1209 Sicherheit
1202 1180 1313 1217 fulgen,
1348 1180 1411 1209 dass
1441 1179 1488 1209 die
1512 1180 1602 1209 Stelle
1634 1180 1816 1219 interpoliert
1840 1181 1890 1215 ist;

191 1235 237 1265 ein
261 1235 386 1265 auderet·
409 1242 492 1274 guter
516 1236 618 1265 Einfall
644 1237 752 1265 kounte
775 1236 823 1265 die
848 1236 1050 1274 vorgeblicben
1068 1236 1326 1274 Scliwierigkeiten
1351 1236 1456 1265 beben.
1495 1236 1577 1265 lbenn
1602 1237 1665 1265 dass
1689 1237 1735 1266 die
1759 1236 1808 1266 leti
1829 1239 1890 1266 viae

191 1301 225 1320 an
249 1292 309 1321 sicli
334 1292 395 1321 hier
419 1292 500 1321 niclit
523 1291 679 1331 pal'sten¹).
705 1293 773 1321 wird
801 1301 864 1321 man
889 1292 969 1322 niclit
993 1292 1160 1330 behaupten
1186 1291 1324 1321 konnen'.
1362 1291 1455 1321 Nemo
1475 1301 1520 1321 me
1538 1292 1600 1330 ipso
1619 1293 1708 1330 magis
1726 1292 1889 1327 laetabitur,

190 1348 213 1377 si
239 1348 308 1387 quid
333 1349 386 1377 erit
410 1348 564 1377 inventum
591 1349 694 1377 melius
719 1358 806 1387 quam
832 1359 885 1387 ego
910 1354 1098 1378 commentus
1122 1358 1202 1383 sum,
1234 1348 1309 1382 sive,
1341 1348 1418 1387 quod
1444 1349 1504 1378 vult
1527 1348 1590 1383 Cr.‚
1615 1349 1780 1378 retinentur
1804 1349 1888 1378 verba

191 1405 250 1434 ‘leti
275 1405 351 1434 mille
375 1405 444 1434 viae*
468 1405 528 1434 sive
551 1405 709 1438 eiciuntur,
734 1405 760 1434 id
786 1405 864 1443 quod
890 1406 1087 1435 necessarium
1111 1414 1175 1434 esse
1198 1414 1250 1443 ego
1270 1405 1407 1438 arbitror,
1432 1405 1498 1443 quia
1515 1405 1636 1434 unicum
1654 1405 1731 1444 quod
1748 1405 1888 1434 Friderici

192 1461 248 1490 Leo
283 1467 311 1490 et
347 1470 410 1490 meo
444 1461 552 1491 iudicio
588 1470 640 1500 pro
668 1471 736 1490 voce
764 1461 905 1500 'repente'
937 1461 1090 1499 excogitari
1127 1466 1224 1499 potest
1257 1460 1376 1490 verbum
1413 1461 1526 1490 linitum
1553 1461 1728 1500 ‘patentque'
1761 1461 1889 1491 metricis

190 1517 352 1547 rationibus
376 1518 574 1547 dissuadetur.
617 1518 784 1547 Concedam
807 1517 896 1555 igitur
919 1517 944 1546 ei
969 1518 1017 1556 qui
1043 1517 1222 1556 ‘patentque'
1246 1517 1436 1547 scribendum
1461 1524 1511 1547 aut
1534 1517 1627 1546 simile
1651 1517 1720 1556 quid
1745 1527 1797 1556 pro
1822 1527 1889 1547 voce

190 1573 330 1612 ‘repente'
359 1574 590 1612 investigandum
622 1583 686 1603 esse
715 1579 852 1603 censent:
888 1574 941 1603 hoc
964 1579 1041 1603 certe
1066 1574 1237 1603 vocabulum
1263 1573 1291 1603 in
1316 1574 1473 1612 archetypo
1497 1574 1531 1603 ad
1556 1574 1688 1603 lacunam
1714 1574 1888 1612 explendam

190 1629 400 1668 interpolatum
425 1639 487 1659 esse
511 1639 562 1668 pro
588 1631 645 1659 veri
670 1630 818 1659 simillimo
843 1629 929 1659 nobis
954 1640 1017 1659 esse
1042 1629 1219 1659 habendum.

334 1686 342 1715 l
362 1686 390 1720 4,
408 1686 457 1715 44.
497 1685 535 1715 De
559 1687 613 1715 boc
636 1696 718 1716 versu
744 1686 859 1715 brexius
883 1686 938 1715 dici
963 1686 1097 1725 potest2).
1129 1686 1245 1716 Etenim
1271 1686 1313 1715 eis
1337 1696 1409 1725 quae
1433 1686 1477 1716 Cr.
1502 1686 1574 1715 dixit
1597 1686 1656 1724 (pg.
1673 1685 1764 1723 360):
1788 1690 1828 1715 ‘es
1851 1686 1889 1715 ist

190 1742 264 1771 doch
288 1742 445 1772 immerhin
470 1743 608 1773 denkbar.
639 1743 702 1771 dal's
726 1742 772 1771 die
796 1743 894 1772 rechte
919 1743 1139 1780 Verbesserung
1170 1743 1245 1772 noch
1272 1742 1352 1771 nicht
1374 1742 1522 1780 gefnnden
1548 1742 1593 1771 ist'
1617 1743 1652 1771 ita
1677 1742 1833 1777 assentior,
1858 1747 1889 1771 ut

190 1798 326 1828 traditam
350 1798 524 1837 scripturam
550 1803 713 1828 ‘venturam
737 1798 880 1829 admittat'
905 1799 973 1828 ferri
1001 1808 1058 1828 non
1082 1808 1170 1838 posse
1196 1798 1266 1828 milii
1291 1798 1475 1828 concedatur.
1511 1800 1694 1837 Quamquam
1716 1798 1750 1827 H.
1767 1797 1888 1835 Magnus

190 1854 260 1884 dicit
282 1855 341 1893 (pg.
361 1853 466 1893 1548):
502 1855 582 1884 Ueni
607 1855 698 1884 Sinne
722 1856 794 1884 nach
820 1855 897 1884 linde
922 1855 966 1884 ich
993 1855 1087 1884 weder
1110 1864 1148 1884 an
1171 1855 1302 1884 admittat
1330 1855 1406 1884 noch
1430 1864 1466 1884 an
1494 1855 1592 1884 seiner
1617 1854 1804 1893 Verbindung
1835 1855 1888 1883 mit

190 1916 340 1941 venturam
363 1917 451 1940 etwas
475 1921 510 1940 zu
535 1911 644 1941 tadeIu:
677 1911 729 1940 der
751 1911 883 1950 imbrifer
904 1920 990 1941 arcus
1013 1911 1142 1947 gewahrt
1166 1911 1232 1940 dem
1258 1910 1460 1949 Regengusoe,
1493 1911 1598 1940 dessen
1624 1910 1767 1940 Kommen
1792 1911 1888 1945 droht,

191 1967 244 1996 der
266 1976 318 1996 vor
340 1968 394 1997 der
415 1967 498 1997 Tlit'tr
520 1968 599 1997 steht
622 1970 812 2004 (venturam),
841 1968 996 2005 gleichsam
1022 1967 1142 2000 Zutritt‚
1174 1967 1238 1997 lafst
1262 1968 1310 1996 ilin
1336 1967 1400 2002 ein3
1430 1974 1582 1997 venturam
1606 1967 1644 1996 ist
1666 1965 1824 2004 schoner³)
1847 1967 1888 1996 als

193 2023 369 2057 venientem,
393 2024 471 2053 denn
495 2032 555 2053 non
579 2033 682 2053 omnes
706 2024 756 2062 qui
781 2023 895 2053 venturi
918 2029 988 2053 sunt
1013 2023 1151 2053 veniunt'.
1183 2024 1240 2052 Sed
1267 2032 1302 2052 ne
1326 2024 1367 2052 sic
1390 2023 1508 2062 quidem
1520 2023 1544 2061 4)
1568 2023 1689 2052 verbum
1714 2022 1888 2052 admittendi

333 2092 354 2121 ¹)
382 2092 512 2123 Cogitavit
529 2093 676 2124 quicumque
696 2102 723 2117 ea
744 2093 851 2124 scripsit
869 2091 910 2121 (cf.
925 2093 988 2125 prol.
1004 2101 1041 2125 μμ.
1055 2093 1094 2122 17)
1113 2093 1144 2116 de
1163 2093 1242 2116 variis
1262 2092 1385 2116 bellorum
1405 2095 1431 2116 et
1450 2092 1568 2116 itinerum
1590 2092 1723 2124 periculi53
1743 2100 1774 2116 ex
1794 2092 1888 2115 itinere

191 2136 256 2160 enim
275 2136 305 2159 ad
325 2135 466 2160 bellandum
485 2140 604 2168 suscepto
625 2136 665 2160 vel
684 2136 768 2168 potius
788 2145 802 2161 e
821 2137 984 2167 navigatione
1002 2135 1150 2165 aegrotabat
1170 2139 1251 2167 poeta.
1290 2134 1337 2159 Vel
1356 2135 1414 2159 hinc
1433 2134 1586 2160 refelluntur
1604 2143 1666 2167 quae
1685 2135 1709 2159 in
1729 2135 1794 2160 Mus.
1809 2135 1885 2159 Rhea.

192 2177 312 2203 fasciculo
331 2179 405 2204 huius
423 2179 483 2204 anni
502 2179 584 2203 altero
606 2182 653 2211 (με.
668 2180 726 2208 274)
747 2180 776 2204 de
795 2180 834 2204 his
854 2180 940 2204 verbis
959 2183 984 2203 ct
1003 2180 1031 2202 de
1052 2186 1074 2202 v.
1088 2179 1119 2202 47
1139 2179 1206 2203 dixit
1225 2178 1253 2202 E.
1266 2177 1393 2202 Wiilfflin.

333 2222 353 2251 ¹)
380 2221 417 2246 Cf.
438 2222 575 2247 Baehrensi
593 2222 759 2247 ‘Tibullische
779 2222 885 2247 Bliitter'
905 2231 943 2255 pg.
958 2223 996 2246 δῖ.

334 2266 353 2293 ²)
383 2265 448 2290 Haec
467 2270 579 2290 extrema
598 2267 724 2290 sententia
743 2266 800 2298 quid
820 2267 867 2291 sibi
887 2266 965 2297 velit,
995 2273 1098 2297 prorsus
1118 2274 1164 2289 non
1185 2265 1322 2296 intellego:
1351 2265 1443 2289 etenim
1469 2272 1496 2289 ea
1517 2265 1570 2297 ipsa
1590 2267 1619 2289 de
1639 2272 1728 2295 causa,
1756 2265 1818 2297 quod
1839 2273 1885 2289 non

192 2315 276 2332 omues
295 2308 338 2339 qui
357 2309 458 2333 venturi
476 2313 535 2333 suut
555 2310 672 2340 veniunt,
700 2310 723 2334 is
746 2311 786 2334 eui
806 2310 949 2335 venientem
969 2310 1072 2334 imbrem
1092 2316 1214 2334 excusare
1238 2309 1329 2333 liceret
1349 2312 1481 2333 ventui-am
1501 2316 1587 2340 aquam
1608 2316 1692 2340 parum
1711 2307 1823 2333 feliciter
1843 2315 1887 2332 ex—

192 2355 302 2376 cusaret.
338 2351 408 2376 Adde
427 2360 491 2384 quae
509 2353 620 2377 disserui
640 2353 665 2377 iu
685 2354 880 2385 prolegomeuou
900 2361 938 2386 [ις.
953 2354 976 2377 9.

336 2395 355 2425 ⁸)
382 2394 445 2420 Idem
465 2404 487 2419 a.
504 2396 567 2421 1857
587 2396 613 2427 (l.
628 2397 644 2420 l.
665 2404 704 2429 [ις.
718 2398 778 2427 3⁴4)
798 2397 910 2421 dixerat:
939 2396 998 2420 ‘Fiir
1017 2397 1061 2420 das
1085 2397 1108 2420 in
1132 2396 1187 2420 dem
1206 2396 1282 2420 Sinnc
1302 2395 1441 2420 ‘zuftihren'
1455 2408 1487 2415 z
1503 2394 1604 2420 adferre
1629 2399 1700 2420 sonst
1724 2396 1792 2420 nicht
1812 2395 1886 2419 naeh-

194 2438 318 2462 weisbare
330 2437 462 2462 admittere
480 2439 577 2471 spricht
595 2440 716 2470 fibi-figens
736 2441 775 2464 die
789 2440 904 2471 Neigung
916 2439 1016 2464 Tibulls
1036 2439 1076 2463 die
1091 2438 1196 2463 wisi-ter
1216 2440 1248 2463 im
1269 2443 1361 2469 ersten,
1383 2439 1552 2469 eigentlichen
1566 2438 1642 2463 Siune
1661 2447 1691 2462 zu
1711 2439 1884 2469 gefflaurheu’,

193 2488 239 2512 quo
259 2486 347 2513 poetae
366 2482 450 2506 studio
470 2490 523 2506 enm
543 2483 655 2507 notionis
672 2490 734 2514 quae
754 2484 832 2507 verbo
852 2484 939 2507 subest
957 2482 1147 2507 conversionem
1168 2482 1295 2514 prohiberi
1315 2486 1426 2514 apparet.
