2112 2634
930 111 1151 141 —17-

190 205 346 235 Sclireiber
372 204 449 233 nicht
474 209 546 232 etwa
571 202 617 231 ein
636 200 1064 240 101111Ῥυί0101·μυιιϋΙιιιΙίυΙιι-ιι
1084 199 1220 238 &iunges
1246 198 1291 228 ist.
1315 198 1379 227 der
1403 207 1466 227 von
1486 197 1655 226 Wortlaut
1679 197 1749 226 und
1777 197 1893 227 1111011-

190 261 320 291 staben
345 261 466 290 seiner
489 259 632 297 voi-lage
655 258 863 295 ausgehend
893 258 933 287 sie
959 266 994 286 zu
1019 256 1211 286 emendieren
1235 255 1330 289 sucht.
1356 272 1394 276 ψ
1420 255 1497 288 nein,
1520 254 1565 283 ein
1590 264 1622 283 so
1648 253 1808 292 bosartiger
1833 254 1892 283 Un-

193 318 269 349 110111,
295 317 347 346 wi«-
370 326 401 346 er
426 316 480 346 mir
504 314 637 345 Gottlob!
663 315 690 344 in
717 315 831 344 meiner
848 314 946 343 l'raxis
971 314 1045 343 not-li
1071 313 1152 342 niclit
1175 312 1400 350 vorgelzommen
1424 311 1470 340 ist.
1504 310 1541 340 Er
1565 310 1708 340 t'abriziert
1736 311 1814 339 niclit
1839 320 1895 339 nur

191 383 263 412 ganz
288 373 455 403 wintartich
482 372 596 402 Worter
622 372 679 401 und
705 371 787 400 balbe
805 371 902 403 Verse,
931 371 1061 400 sondcrn
1083 369 1155 399 auch
1180 368 1279 406 ganze'
1292 368 1322 406 ¹).
1369 368 1425 397 Sed
1451 368 1527 396 liunc
1550 376 1668 405 quoque
1693 366 1840 395 librarium
1867 367 1894 395 in

193 430 336 469 explendo
360 439 374 458 a
400 429 556 459 sententiis
581 427 735 466 verbisque
765 428 792 456 in
823 427 957 465 exemplo
985 436 1037 456 suo
1066 426 1180 455 traditis
1212 425 1374 463 profectum
1405 434 1469 453 esse
1494 433 1562 452 num
1589 433 1662 462 opus
1687 428 1731 452 est
1756 423 1895 461 exemplis

193 486 284 516 allatis
309 484 507 515 confirmare?
539 485 632 518 Certe,
658 484 685 513 ni
710 484 748 513 ita
773 488 857 516 esset,
882 483 963 512 facile
987 492 1091 512 omnes
1115 483 1148 511 de
1169 482 1212 511 liis
1231 481 1505 520 interpolationibus
1523 480 1771 510 consentiremus.
1804 481 1897 519 Atque

194 543 280 572 etiam
305 553 320 572 a
345 542 448 572 litteris
473 541 596 576 traditis,
621 546 764 580 quantum
790 550 842 579 pro
866 540 985 578 ingenio
1005 549 1059 568 suo
1084 539 1190 578 potuit,
1215 538 1243 567 in
1262 538 1447 567 emendando
1465 546 1531 567 eum
1550 537 1714 575 profectum
1733 546 1798 565 esse
1815 546 1895 565 com-

195 599 327 638 pluribus
351 598 420 628 locis
445 597 606 637 apparet2).

340 655 397 685 lam
423 655 543 693 Magnus
568 654 635 683 dicit
659 653 842 692 (pg.1547):
875 652 924 682 ‘lst
949 662 979 682 es
1004 652 1081 681 denn
1105 652 1175 681 aber
1198 651 1351 689 glaublich,
1377 651 1441 680 dass
1466 660 1496 680 es
1521 651 1585 680 dem
1606 649 1796 689 lnterpolator
1819 649 1899 678 niclit

196 712 269 742 aucli
294 712 437 741 mitunter
454 711 581 748 glt‘wkte,
606 710 692 739 einen
710 709 965 746 unvoltstandigen
979 709 1049 738 Vers
1073 718 1106 737 so
1130 708 1242 737 leidlich
1267 717 1301 737 zu
1321 709 1474 744 erganzen,
1499 707 1562 736 dass
1581 715 1646 735 man
1665 706 1745 735 nicht
1762 706 1899 735 ernstlicli

196 769 350 798 anstul'sen
369 765 471 797 kann?
490 784 528 788 —
546 766 631 798 lx'urz,
657 766 759 795 beruht
787 775 878 795 unser
893 765 966 794 Text
983 764 1111 794 wirltlicli
1129 765 1180 793 auf
1194 763 1276 793 einer
1294 763 1437 801 einzigen⁷
1461 764 1490 792 in
1507 763 1614 792 diesem
1633 762 1899 800 ungelleuerliclteu

197 824 291 854 Grade
322 823 501 862 geffilscliten
527 823 590 857 us..
622 823 700 852 dann
732 822 797 852 sind
823 822 875 851 wir
897 822 980 860 vollig
1012 822 1108 851 ausser
1131 820 1253 853 stande,
1286 820 1389 850 Eclites
1414 820 1473 849 und
1500 819 1645 849 Uneclites
1677 828 1712 848 zu
1743 817 1900 847 selieiden'.

196 880 268 910 lllud
291 880 402 910 factum
427 889 489 909 esse
514 889 599 918 posse
623 879 768 913 coneed03
792 879 848 908 lioc
871 879 939 908 inde
963 878 1056 916 colligi
1082 888 1205 908 necesse
1228 887 1293 907 esse
1317 886 1402 915 nego,
1447 876 1549 914 Neque
1573 875 1650 905 euim
1680 884 1809 914 unquam
1834 874 1898 903 sine

197 937 290 976 aliqua
323 946 408 966 causa
439 937 474 966 ad
503 936 651 966 audaciam
684 935 878 965 excusandam
908 935 1015 964 idonea
1047 935 1080 964 ad
1114 934 1330 973 interpolatoris
1354 933 1484 962 officium
1518 932 1563 961 ille
1588 932 1724 961 librarius
1747 940 1901 969 aggressus

198 999 256 1026 est.
291 993 314 1022 si
347 993 509 1032 excipimus
545 992 622 1022 locos
658 1002 732 1031 quos
768 992 798 1021 in
827 992 899 1031 prol.
925 1000 970 1030 pg.
989 991 1023 1021 81
1058 990 1286 1020 commemoravi
1315 989 1401 1019 nimis
1425 989 1562 1018 audacter
1586 994 1672 1027 atque
1696 988 1766 1017 adeo
1792 992 1902 1017 temere,

200 1055 342 1079 mutatos:
378 1049 484 1089 quibus
513 1049 574 1088 ipse
597 1048 718 1087 Magnus
743 1048 985 1087 interpolationes
1008 1047 1157 1086 archetypi
1182 1047 1291 1076 detexit
1315 1055 1410 1085 neque
1433 1050 1533 1075 tamen
1557 1045 1592 1074 dc
1617 1044 1714 1074 critice
1738 1044 1901 1073 Tibulliana

199 1106 371 1145 desperavit.
418 1105 528 1135 Deinde
553 1105 621 1135 satis
648 1106 730 1134 multi
754 1114 856 1134 versus
887 1105 915 1133 in
946 1104 1046 1133 mediis
1077 1103 1183 1133 codicis
1207 1108 1219 1132 t
1252 1103 1364 1142 paginis
1396 1102 1497 1141 scripti
1528 1105 1655 1135 restant,
1691 1100 1811 1139 quilius,
1848 1100 1903 1129 nisi

199 1163 362 1202 singulares
395 1171 497 1192 causae
532 1167 561 1191 et
591 1171 657 1191 cum
691 1161 799 1191 librarii
827 1161 882 1190 illis
905 1170 981 1199 quae
1005 1170 1092 1199 supra
1117 1160 1175 1190 dixi
1199 1160 1328 1189 consiliis
1354 1163 1551 1197 congruentes
1576 1158 1736 1191 exsistunt,
1772 1158 1904 1187 codicum

200 1220 372 1249 auctoritate
395 1219 544 1248 confidere
569 1227 628 1248 non
651 1218 745 1247 solum
772 1218 836 1247 licet
860 1218 910 1246 sed
935 1217 1021 1246 etiam
1046 1221 1178 1256 oportet:
1203 1226 1237 1245 ex
1261 1216 1306 1245 his
1330 1216 1430 1254 igitur,
1453 1215 1522 1254 quid
1539 1215 1738 1244 Tibulliannm
1765 1214 1810 1248 sit,
1834 1213 1902 1252 quid

201 1284 271 1310 non,
295 1275 366 1305 satis
391 1282 470 1305 certo
495 1275 630 1313 cognosci
655 1279 759 1313 potest.
795 1274 904 1309 Quodsi
931 1283 998 1303 vero
1023 1274 1070 1303 liic
1094 1273 1150 1303 illic
1174 1273 1297 1303 forsitan
1324 1271 1508 1310 contigerit³)
1526 1271 1728 1310 interpolatori
1754 1276 1784 1299 nt
1800 1270 1906 1299 Tibulli

203 1331 376 1371 Lygdamive
401 1337 492 1361 artem
518 1331 554 1361 ita
580 1331 765 1369 adaequaret,
798 1336 829 1360 ut
852 1331 915 1360 eius
940 1330 1025 1360 verba
1049 1340 1064 1359 a
1088 1334 1242 1369 poetarum
1267 1329 1362 1358 verbis
1387 1329 1558 1365 dignoscere
1582 1328 1636 1356 iam
1663 1336 1852 1366 nequeamus.
1877 1327 1905 1355 in

202 1388 308 1417 Tibulli
343 1388 432 1418 libros
467 1388 544 1417 idem
580 1387 656 1417 cadit
687 1387 766 1426 quod
798 1387 828 1416 in
859 1392 973 1416 ceteros
1005 1391 1156 1425 poetarum
1190 1395 1353 1425 prosaeque
1378 1385 1518 1413 orationis
1542 1384 1718 1422 scriptorum
1744 1383 1832 1412 libros
1857 1383 1906 1421 qui

203 1444 324 1484 quidem
349 1444 534 1483 interpolatis
559 1443 707 1473 codic-ibus
731 1443 830 1472 traditi
855 1443 938 1472 nobis
962 1443 1035 1472 sint:
1061 1452 1187 1481 quorum
1206 1442 1241 1471 de
1258 1442 1356 1471 critice
1373 1441 1480 1471 idcirco
1505 1449 1594 1470 nemo
1618 1440 1711 1470 adbuc
1734 1439 1906 1479 desperavit.

347 1500 470 1530 Gravius
504 1500 617 1529 videtur
648 1509 710 1529 esse
745 1500 822 1538 quod
853 1499 975 1538 Magnus
1011 1499 1079 1528 dicit
1108 1498 1293 1538 (pg.1548):
1332 1498 1390 1527 ‘leb
1426 1502 1502 1527 setze
1533 1497 1640 1527 wieder
1675 1497 1730 1525 den
1765 1496 1837 1530 Fall,
1871 1505 1907 1524 an

204 1566 344 1587 unserem
370 1556 462 1586 Texte
485 1557 526 1586 sei
551 1556 682 1585 wirklich
712 1556 869 1590 uberall‚
902 1566 946 1585 wo
970 1556 1047 1585 Verf.
1073 1555 1122 1585 11111
1147 1555 1324 1593 bemangelt,
1353 1560 1440 1584 etwas
1463 1558 1663 1584 auszusetzen.
1710 1552 1806 1582 Selbst
1829 1552 1908 1581 daun

205 1613 372 1643 νει-1111301110
396 1613 441 1643 ich
465 1613 545 1643 seine
570 1613 706 1642 Schliisse
731 1613 811 1642 nicht
834 1613 912 1642 ohne
935 1613 1068 1641 weiteres
1097 1612 1340 1642 anzuerkennen.
1387 1612 1423 1641 Es
1448 1611 1541 1640 bliebe
1571 1610 1678 1639 immer
1701 1609 1774 1638 nocli
1803 1618 1837 1637 zu
1862 1618 1909 1637 er-

206 1673 315 1708 wagen.
339 1669 376 1699 ob
400 1669 481 1699 nicht
503 1670 575 1699 auclt
600 1669 707 1699 einmal
732 1670 784 1699 des
806 1669 937 1699 Dichters
956 1669 1057 1698 Worte
1081 1668 1167 1698 Tadel
1193 1669 1361 1703 vei-dienen,
1387 1668 1423 1697 ob
1449 1667 1528 1697 nicht
1552 1667 1691 1696 vielmelir
1714 1665 1908 1704 Korruptelen

206 1727 276 1756 oder
291 1726 408 1757 anken
433 1727 472 1756 im
490 1727 575 1756 Arch.
600 1726 746 1765 vorm-gen
771 1735 799 1755 u.
817 1735 840 1755 s.
859 1725 902 1754 w.'
935 1725 992 1755 Sed
1017 1735 1068 1763 ego
1093 1725 1119 1754 id
1144 1725 1210 1755 dedi
1235 1734 1355 1764 operam
1382 1729 1412 1754 ut
1436 1723 1521 1753 verba
1546 1733 1620 1762 quae
1644 1722 1819 1761 interpolata
1844 1730 1909 1750 esse

205 1783 331 1813 arbitror
362 1788 411 1813 aut
440 1782 566 1813 absurda
599 1792 663 1812 esse
695 1787 745 1811 aut
775 1791 842 1812 cum
875 1782 1016 1821 proximis
1049 1790 1178 1820 pugnare
1209 1786 1258 1811 aut
1288 1791 1303 1811 a
1326 1781 1434 1810 Tibulli
1467 1780 1582 1818 ingenio
1613 1779 1704 1808 aliena
1728 1787 1792 1808 esse
1817 1787 1911 1816 neque

206 1839 387 1878 probabilem
411 1839 630 1869 excusationem
656 1839 765 1868 habere
789 1839 1039 1872 demonstrat-eon
1069 1846 1165 1877 neque
1190 1843 1289 1867 tamen
1314 1837 1510 1877 praeiudicata
1536 1836 1571 1865 de
1596 1835 1713 1873 ingenio
1737 1839 1826 1873 atque
1849 1839 1910 1864 arte

206 1901 311 1935 poetae
342 1896 482 1935 opinione
513 1901 616 1935 captus
647 1895 675 1924 id
706 1895 800 1933 egisse
824 1895 895 1924 mihi
920 1895 1020 1924 videor
1043 1899 1076 1923 ut
1099 1894 1241 1933 quidquid
1265 1893 1441 1933 reprehendi
1466 1897 1566 1932 posset
1588 1891 1622 1921 ab
1647 1901 1680 1921 eo
1703 1890 1910 1920 abiudicarem.

208 1952 317 1982 Deinde
348 1952 490 1991 quaedam
523 1952 628 1982 menda
660 1951 750 1981 invito
784 1951 934 1990 archetypi
965 1950 1082 1980 librario
1114 1950 1256 1980 excidisse
1286 1951 1348 1989 ipse
1380 1947 1499 1987 docui4)
1523 1958 1618 1987 neque
1641 1948 1764 1977 eandem
1791 1947 1912 1977 traditae

207 2009 369 2048 scripturae
405 2009 627 2048 explicationem
665 2008 694 2037 in
729 2008 842 2037 nullum
878 2012 1025 2047 praeterea
1062 2018 1076 2036 e
1110 2007 1207 2037 minus
1237 2007 1434 2046 depravatis⁵)
1459 2015 1575 2035 versum
1600 2005 1704 2034 cadere
1729 2014 1815 2043 posse
1839 2003 1912 2032 dico.

209 2065 340 2095 Lacunas
365 2070 462 2095 autem
487 2065 535 2104 qui
558 2065 588 2094 in
614 2065 770 2103 archetypo
795 2065 884 2094 facias
908 2074 971 2094 esse
994 2063 1170 2102 suspicatur,
1194 2064 1256 2093 eius
1281 2068 1333 2097 est,
1358 2072 1415 2101 quo
1438 2062 1524 2092 modo
1548 2062 1577 2091 in
1602 2061 1649 2090 illo
1674 2061 1735 2090 [ieri
1761 2060 1914 2099 potuerint

209 2122 374 2161 explanare.
420 2121 519 2159 Longe
544 2121 669 2151 maxima
694 2130 762 2150 vero
795 2130 895 2150 earum
929 2130 999 2160 quas
1031 2121 1059 2149 in
1089 2120 1281 2159 pg.14-16
1311 2119 1480 2149 enumeravi
1505 2118 1736 2157 corruptelarum
1765 2122 1799 2146 et.
1827 2125 1912 2146 con-

209 2178 411 2209 sideratior
453 2183 488 2207 et
529 2177 714 2217 aequalior
751 2182 806 2207 est
843 2186 949 2216 quam
985 2182 1023 2207 ut
1055 2181 1114 2206 aut
1149 2177 1245 2206 casui
1280 2182 1340 2206 aut
1374 2174 1621 2214 compluribus
1656 2173 1823 2203 librariis
1858 2182 1914 2202 eas

212 2234 431 2264 tribuendas
455 2244 533 2265 esse
557 2234 629 2264 veri
653 2234 699 2263 sit
721 2234 849 2263 simile.

353 2308 374 2340 ¹)
402 2308 455 2340 Quo
476 2316 578 2332 numero
600 2308 692 2339 plurali
713 2316 772 2332 usus
793 2307 838 2331 ille
857 2315 935 2331 meam
954 2306 1104 2330 seutentiam
1125 2314 1172 2329 nou
1192 2306 1308 2330 rettulit.

353 2350 374 2382 ²)
402 2350 439 2375 Cf.
458 2359 520 2383 quae
540 2351 593 2375 dixi
613 2352 642 2375 de
662 2351 781 2375 versibus
796 2350 843 2379 16,
858 2350 888 2374 72
908 2350 933 2380 (e
952 2350 1067 2381 reliquiis
1088 2349 1222 2373 verborum
1241 2348 1274 2372 ‘ln
1296 2348 1390 2372 medias
1411 2347 1537 2380 praeceps'
1556 2347 1628 2378 [male
1648 2346 1724 2370 verba
1744 2345 1868 2370 collocari
1891 2346 1914 2368 iu

213 2394 275 2426 prol.
295 2402 333 2426 pg.
348 2394 389 2424 33]
409 2394 482 2418 fiuxit
500 2393 636 2419 ‘Immerito
657 2393 800 2426 propriis³);
820 2392 878 2423 113,
891 2394 938 2422 61;
957 2393 981 2423 6,
996 2393 1045 2419 423:
1064 2391 1094 2416 111
1111 2392 1134 2422 2,
1148 2392 1175 2422 5;
1195 2393 1219 2422 ὃ,
1233 2392 1262 2421 33
1282 2392 1304 2421 6,
1320 2392 1359 2415 52.

357 2436 377 2468 ³)
406 2437 430 2461 id
449 2437 522 2469 quod,
540 2438 562 2462 si
582 2445 667 2462 eorum
687 2445 748 2469 quae
769 2437 939 2468 interpolasse
959 2437 1072 2460 creditur
1093 2439 1206 2460 naturam
1226 2439 1377 2467 spectamus,
1398 2443 1444 2458 non
1465 2438 1504 2458 est
1524 2434 1580 2458 veri
1598 2434 1690 2458 simile.

357 2480 378 2512 ⁸)
404 2479 440 2504 Cf.
463 2481 526 2512 prol.
546 2488 585 2512 [ις.
599 2481 639 2505 49.
654 2481 694 2505 82.
716 2481 756 2505 74.
771 2480 880 2504 77—78.

359 2524 380 2555 ⁵)
408 2522 444 2549 Cf.
466 2524 529 2555 prol.
549 2531 588 2555 pg.
603 2524 711 2547 tiz—63.
726 2524 765 2548 32.

272 2565 355 2585 Aaknu.
371 2566 449 2590 Gymn.
478 2567 536 2585 1894.
