2112 2634
923 78 1138 109 „3-

184 173 237 201 hoe
262 172 323 201 loeo
348 169 463 199 defendi
488 173 591 208 potest.
628 167 698 196 Nam
724 167 789 196 talis
814 167 890 196 verbi
915 166 1064 196 translatio
1090 165 1243 204 probabilis
1268 170 1354 199 esset,
1379 165 1400 194 si
1426 165 1505 193 locus
1530 164 1645 203 quidam
1670 164 1785 193 clausus
1808 163 1867 193 sive

182 233 298 267 saeptus
323 226 475 263 excogitari
501 230 599 263 posset
623 234 679 262 quo
704 233 776 262 aqua
800 223 1003 252 admitteretur
1027 223 1060 251 ab
1084 231 1149 251 arcu
1175 227 1311 260 tanquam
1336 230 1349 249 a
1373 221 1478 249 domus
1502 221 1633 251 ostia1·i0;
1659 220 1703 249 bic
1727 232 1760 249 eo
1779 220 1868 257 magis

182 284 271 313 aliena
297 289 349 316 estV
382 282 458 320 qnod
484 281 615 310 imbrifer
638 290 721 309 arens
746 289 849 317 aquam
875 279 997 317 pluviam
1022 278 1106 310 ferre.
1139 286 1195 307 non
1221 277 1373 307 admittere
1398 277 1512 306 dicitur.
1558 276 1616 305 lam
1642 285 1708 305 vero
1733 276 1794 305 eius
1819 276 1867 314 qni

181 340 215 369 ad
246 345 358 378 portant
390 343 434 366 est
464 338 553 366 instat
584 336 736 370 introitus;
772 336 794 364 is
825 340 920 363 autem
953 334 1036 363 cuius
1063 334 1203 363 adventus
1227 333 1314 362 instat
1339 333 1469 362 nondum
1494 337 1535 361 est
1559 332 1592 361 ad
1619 337 1746 370 portam,
1779 337 1810 361 ut
1834 341 1868 361 ne

183 395 275 434 possit
298 394 414 430 quidem
439 393 563 422 admitti.

325 450 380 482 15,
399 449 446 477 33.
493 448 534 477 Ab
559 448 592 477 iis
617 456 688 486 quae
712 447 746 476 de
770 446 825 475 boc
849 455 932 475 versu
961 446 1078 484 exposui
1103 446 1188 484 plane
1213 445 1389 473 dissentiunt
1412 444 1567 473 Rotbstein
1592 449 1621 473 et
1645 443 1772 479 Magnus.
1819 443 1869 472 ttic

185 516 230 536 me
255 507 347 545 ipsum
372 505 400 534 in
425 514 469 543 pg.
487 502 610 533 22—23
641 503 710 532 satis
744 512 875 540 magnam
907 501 1057 530 materiem
1089 502 1123 530 ad
1150 510 1246 530 vocent
1277 500 1433 529 venerandi
1464 500 1677 528 defendendam
1711 499 1870 528 contulisse

184 563 266 597 dicit3
297 562 346 591 sed
378 570 443 590 cum
474 560 570 589 nescio
602 568 659 597 quo
691 563 773 597 pacto
801 558 949 587 omisisset
980 558 1114 596 prodere,
1146 557 1193 595 qui
1221 556 1274 585 loci
1306 566 1319 585 a
1352 565 1395 584 me
1426 556 1530 585 auxilio
1557 555 1687 584 arcessiti
1718 564 1783 584 curn
1807 564 1870 583 mea

184 618 261 648 verbi
293 616 532 656 interpretatione
562 624 691 654 pugnare
721 614 900 648 viderentur,
932 623 985 651 ego
1013 614 1119 642 frustra
1149 613 1286 651 quaesivi.
1332 612 1371 641 Ex
1403 612 1436 641 iis
1464 617 1559 641 autem
1591 612 1769 650 argumentis
1797 621 1870 649 quae

184 674 338 703 Rothstein
373 672 493 711 protulit
527 678 584 710 tpg.
609 670 686 700 1315
701 671 757 709 sq.)
790 670 992 707 gravissimum
1035 674 1079 698 est
1113 669 1179 698 hoc:
1230 668 1356 702 ’ΒΜ-ου’,
1397 668 1504 706 inquit,
1543 668 1623 696 “wird
1661 677 1726 696 man
1761 667 1870 696 freilicb

186 731 296 760 meiner
326 729 446 758 Ansicbt
482 728 553 756 nach
589 726 734 764 ausgeben
772 729 904 756 iniissen.
942 725 1006 754 dal's
1047 725 1123 754 diese
1148 725 1246 753 Worte
1277 725 1315 761 [et
1347 730 1459 754 tantum
1492 729 1625 753 venerata
1659 724 1760 761 virum]
1792 723 1872 752 nicht

185 787 248 815 eine
279 785 447 823 allgemeine
478 783 674 821 Begriindung
706 783 756 811 des
787 783 902 811 Ganzen
934 781 1026 818 geben
1058 781 1163 813 sollen,
1199 780 1327 809 sondern
1363 781 1427 809 eine
1462 780 1588 809 eiuzelne
1619 780 1787 817 Handlung,
1827 779 1872 807 die

186 842 367 880 Begriil'sung
403 841 452 869 des
485 839 661 868 vornebmen
694 838 793 867 Gastes
828 837 918 866 durch
950 838 994 865 die
1026 836 1216 871 Hauswirtin,
1257 836 1316 865 klar
1346 836 1403 865 nnd
1436 836 1584 865 bestinnnt
1616 836 1801 865 bezeichnen.
1834 852 1871 855 „-

187 898 280 927 Wenn
313 897 364 926 der
392 897 467 925 Vert'.
500 895 669 933 behanptet‚
709 895 770 923 dass
808 894 856 922 das
885 893 966 922 Wort
1000 894 1134 922 venerari
1167 893 1244 921 ohne
1275 892 1478 921 ablativiscben
1510 892 1611 921 Znsatz
1649 892 1704 920 den
1737 891 1791 920 Akt
1822 891 1873 919 der

187 954 369 991 Begriil'snng
405 952 483 981 nicbt
520 951 696 980 bezeichnen
735 951 826 983 kann,
864 959 896 978 so
934 949 1078 985 widerlegt
1117 949 1165 977 ibn
1204 948 1248 977 die
1284 958 1338 977 von
1370 948 1428 976 ilnn
1460 948 1548 976 selbst
1582 948 1752 985 angeft'ibrte
1784 947 1872 975 Stelle

186 1010 250 1039 Tac.
278 1009 343 1038 dial.
373 1008 406 1037 13
442 1008 518 1036 ohne
550 1007 689 1036 weiteres.
721 1023 756 1025 Α
792 1005 841 1034 Die
877 1004 1097 1042 tiberwiegende
1129 1004 1272 1033 Mehrzabl
1309 1004 1359 1033 der
1390 1013 1444 1032 von
1475 1004 1534 1032 ilnn
1567 1004 1775 1040 gesatnmelten
1807 1002 1872 1031 Bei-

186 1065 277 1104 spiele
301 1065 413 1094 kommt
442 1064 488 1092 fiir
511 1072 617 1092 unsere
642 1062 730 1091 Stelle
760 1070 810 1100 gar
834 1061 913 1090 nicbt
938 1061 964 1089 in
991 1060 1135 1093 Batrache
1167 1060 1228 1088 weil
1253 1060 1298 1089 die
1323 1059 1426 1088 beiden
1450 1060 1659 1096 Bedeutungen
1687 1059 1737 1087 des
1761 1058 1873 1087 Wortes

186 1120 353 1150 ‘Ebrt'nrcht
377 1129 425 1148 vor
446 1119 614 1157 jemandem
639 1117 815 1156 emptinden’
841 1117 899 1145 und
924 1116 1087 1154 ‘jemanden
1113 1116 1334 1145 ebrfurcbtsvoll
1359 1114 1522 1153 begri'tssen’
1545 1120 1643 1152 streng
1661 1123 1715 1142 von
1732 1114 1872 1142 einander

186 1177 357 1215 geschieden
382 1175 498 1205 werden
525 1178 641 1204 mussen
668 1175 726 1203 und
752 1182 806 1202 nur
829 1173 875 1201 die
900 1172 999 1209 Belege
1023 1172 1068 1200 fiir
1092 1171 1137 1200 die
1160 1172 1260 1200 zweite
1286 1171 1456 1208 Bedeutung
1487 1171 1548 1199 bier
1572 1171 1599 1199 in
1624 1170 1712 1207 Frage
1737 1170 1873 1198 kommcn

189 1232 323 1262 konnen'.
369 1232 410 1261 Ad
434 1231 504 1260 baec
527 1231 594 1269 quid
618 1230 819 1268 respondeam,
845 1236 903 1257 non
928 1228 1015 1257 nimis
1039 1227 1148 1256 laboro.
1194 1226 1309 1256 Etenim
1333 1227 1359 1255 id
1384 1227 1438 1264 egi,
1467 1231 1498 1255 ut
1523 1226 1688 1255 universam
1713 1225 1791 1254 verbi
1817 1225 1873 1253 vim

189 1298 374 1327 exponerem,
405 1297 463 1326 quo
493 1287 601 1316 rectius
625 1286 660 1314 de
683 1286 723 1314 eis
747 1285 817 1314 locis
842 1284 948 1323 quibus
973 1284 1107 1312 similiter
1129 1288 1215 1321 atque
1240 1283 1268 1311 in
1292 1283 1347 1311 hoc
1371 1292 1454 1311 versu
1480 1287 1652 1320 usurpatum
1677 1281 1789 1310 videtur
1811 1290 1875 1309 esse

190 1344 308 1374 iudicari
332 1349 442 1382 possen
473 1352 568 1381 neque
592 1342 690 1374 timeo,
718 1350 754 1369 ne
779 1340 908 1378 exempla
933 1340 1070 1377 colligens
1095 1339 1189 1368 oleum
1214 1344 1299 1377 atque
1323 1347 1440 1376 operam
1465 1337 1650 1376 perdiderim.
1696 1337 1772 1366 Satis
1796 1337 1872 1365 enim

191 1400 346 1430 manifesto
370 1409 402 1428 ex
426 1399 472 1428 illa
496 1398 665 1427 collectione
690 1396 810 1435 perspici
836 1402 917 1434 puto,
942 1396 1118 1433 ubicumque
1143 1395 1209 1423 illud
1227 1394 1347 1423 verbum
1373 1399 1544 1432 usurpatum
1562 1394 1608 1427 sit,
1633 1393 1792 1431 principem
1813 1392 1874 1421 eius

190 1457 245 1485 vim
270 1457 305 1485 ita
330 1456 460 1487 subesse,
484 1459 515 1483 ut
538 1464 551 1483 a
570 1453 678 1483 Latinis
703 1452 825 1491 ingeniis
851 1461 912 1481 eam
932 1460 1045 1480 sensam
1068 1460 1130 1480 esse
1149 1451 1265 1480 credere
1284 1450 1452 1485 debeamus7
1470 1458 1564 1487 neque
1581 1458 1708 1488 unquam
1727 1449 1874 1477 notionem

190 1522 255 1542 cum
281 1511 444 1541 reverentia
468 1510 613 1539 salutandi
638 1510 699 1548 ipso
723 1518 756 1537 ac
778 1509 839 1537 solo
860 1508 946 1536 verbo
972 1507 1126 1545 significari
1151 1516 1247 1545 neque
1273 1512 1328 1535 tam
1354 1506 1465 1535 diversa
1491 1516 1555 1535 esse
1580 1505 1737 1543 usurpandi
1761 1514 1876 1542 genera,

192 1574 223 1598 nt
245 1568 368 1597 alterum
393 1567 428 1596 ab
452 1566 541 1595 altero
566 1566 677 1603 seiungi
701 1570 788 1603 atque
813 1564 940 1602 separari
967 1568 1105 1601 oporteat.
1145 1562 1227 1596 Quod
1253 1572 1318 1591 vero
1342 1562 1496 1592 ltothstein
1521 1561 1608 1590 verbo
1634 1560 1788 1590 venerandi
1812 1560 1875 1598 ipso

190 1624 395 1653 salutationem
419 1622 542 1651 ablativo
565 1630 624 1650 non
649 1621 786 1650 adiuncto
810 1619 966 1657 significari
990 1629 1005 1647 e
1029 1619 1092 1648 dial.
1114 1628 1137 1647 c.
1160 1618 1193 1646 13
1219 1619 1290 1647 et‘tiri
1315 1622 1406 1656 putat,
1441 1617 1537 1646 miror.
1583 1616 1654 1646 Nam
1681 1626 1745 1645 cum
1771 1616 1877 1645 dicitur

192 1680 326 1718 *populus
351 1678 476 1708 surrexit
501 1677 655 1706 universus
679 1682 707 1705 et
731 1677 807 1705 forte
831 1680 1014 1714 praesentem
1041 1680 1192 1704 veneratus
1217 1680 1259 1703 est
1282 1674 1322 1702 sic
1346 1673 1427 1712 quasi
1444 1672 1624 1710 Augustum',
1649 1672 1775 1711 primum
1800 1672 1876 1701 salu-

192 1736 261 1765 tatio
284 1736 344 1773 ipsa
368 1735 396 1763 in
422 1734 509 1763 verbo
534 1732 676 1762 ‘surrexit'
701 1733 789 1763 inest.
821 1731 927 1760 deinde
951 1740 1049 1760 vocem
1075 1730 1228 1759 venerandi
1260 1730 1305 1759 bic
1333 1730 1500 1759 translatam
1525 1739 1589 1758 esse
1614 1728 1752 1757 vocabulo
1776 1727 1878 1766 ‘qnasi'

192 1791 385 1829 significatur,
420 1795 481 1819 tuni
517 1799 532 1818 e
566 1788 777 1817 sententiarum
813 1787 1021 1816 coniunctione
1055 1786 1194 1825 populum
1230 1786 1377 1823 surgendo
1412 1785 1544 1814 venerari
1582 1785 1655 1814 ultro
1691 1783 1876 1821 intellegitur.

193 1847 364 1876 Simillimus
388 1852 432 1875 est
455 1846 535 1874 locus
559 1854 646 1883 quem
671 1853 764 1882 nuper
786 1843 883 1872 inveni
906 1843 980 1881 apud
1006 1842 1148 1871 Valerium
1174 1841 1328 1871 Maximum
1355 1842 1387 1871 tv
1405 1843 1436 1871 5:
1464 1841 1595 1870 ‘Athenis
1619 1841 1735 1878 quidam
1760 1839 1879 1869 ultimae

193 1903 352 1932 senectutis
383 1912 448 1931 cum
481 1906 643 1940 spectatum
674 1900 757 1929 ludos
783 1900 811 1928 in
836 1899 982 1928 theatrum
1007 1898 1133 1926 venisset
1157 1907 1283 1936 euinque
1307 1907 1394 1927 nemo
1418 1908 1432 1926 e
1456 1897 1566 1926 civibus
1589 1906 1703 1926 sessum
1728 1895 1878 1934 reciperet.

193 1960 226 1989 ad
253 1958 547 1988 Lacedaemoniorum
574 1958 682 1994 legatos
706 1956 781 1985 forte
805 1955 944 1994 pervenit.
980 1954 1035 1989 Qui
1059 1954 1186 1983 bominis
1209 1959 1301 1983 aetate
1326 1954 1396 1983 moti
1420 1962 1506 1983 canos
1530 1953 1591 1982 eius
1615 1958 1644 1981 et
1667 1961 1760 1981 annos
1784 1961 1880 1981 assur—

194 2015 279 2054 gendi
305 2014 400 2043 officio
424 2013 551 2042 venerati
575 2018 644 2042 sunt
667 2014 826 2050 sedemque
851 2011 876 2040 ei
899 2011 974 2040 inter
999 2011 1076 2050 ipsos
1100 2011 1326 2039 lmnoratissimo
1350 2010 1412 2039 loco
1436 2009 1600 2039 dedernnt'.

336 2071 392 2099 lam
434 2079 500 2099 vero
540 2069 690 2098 Rotbstein
730 2068 811 2097 dicit:
858 2067 917 2096 ‘Die
954 2066 1155 2105 Reihenfolge,
1195 2067 1222 2096 in
1255 2067 1306 2096 der
1337 2066 1384 2095 die
1415 2066 1566 2095 einzelnen
1600 2064 1792 2101 llandlungen
1831 2063 1881 2092 der

196 2127 271 2156 Delia
311 2126 471 2164 aut'geziiblt
504 2126 632 2157 werden,
678 2125 715 2153 ist
756 2124 900 2153 durcbaus
942 2123 1059 2161 ricbtig,
1102 2123 1151 2151 der
1191 2122 1332 2152 llansl'rau
1373 2122 1442 2151 wird
1482 2121 1527 2150 die
1558 2120 1688 2150 Anltuntt
1725 2120 1775 2148 des
1815 2128 1880 2148 vor-

197 2183 325 2212 nehmen
355 2182 456 2211 Gastes
495 2182 650 2219 gemeldet,
689 2181 731 2209 sie
769 2185 847 2216 soi-gt
886 2185 945 2208 erst
980 2180 1028 2208 sur
1057 2179 1101 2207 die
1132 2178 1276 2209 Mablzeit.
1316 2178 1377 2207 bier
1415 2178 1444 2207 in
1483 2178 1534 2206 der
1565 2177 1746 2206 eint'acbsten
1777 2174 1881 2207 Weise,

198 2239 256 2268 und
293 2239 423 2276 begrusst
457 2243 516 2266 erst
551 2238 626 2266 ‹lann
662 2236 716 2265 den
748 2235 816 2264 Gast
851 2235 907 2264 und
945 2235 1061 2264 bedient
1095 2234 1144 2263 ibn
1183 2234 1227 2263 bei
1258 2234 1377 2268 Tische,
1416 2234 1466 2262 das
1505 2233 1541 2261 ist
1580 2233 1644 2261 eine
1683 2231 1767 2268 vollig
1807 2231 1881 2259 klare

199 2295 256 2324 und
295 2294 498 2323 anscbauliche
530 2293 728 2329 Vorstellung,
772 2301 863 2329 gegen
902 2291 946 2319 die
982 2290 1043 2320 sicli
1086 2290 1180 2319 nicbts
1225 2290 1397 2319 einwenden
1435 2289 1519 2318 lal'st'.
1580 2290 1674 2326 Atque
1711 2296 1797 2325 quam
1835 2286 1882 2315 ille

198 2350 333 2380 describit
364 2359 461 2379 rerum
496 2349 601 2377 seriem
636 2348 828 2377 rectissimam
864 2357 926 2376 esse
961 2347 1026 2385 quis
1062 2344 1170 2383 neget?
1226 2346 1283 2375 Sed
1315 2351 1345 2374 ut
1375 2345 1430 2374 iam
1465 2344 1500 2373 de
1536 2345 1588 2373 hac
1619 2343 1697 2372 verbi
1727 2340 1881 2371 ‘venerata'

199 2405 438 2444 interpretatione
480 2404 551 2434 nibil
590 2404 715 2442 amplius
754 2403 869 2432 addam.
917 2402 1119 2441 praetermittit
1160 2402 1202 2430 vir
1241 2401 1430 2431 doctissimus
1467 2410 1498 2429 ea
1538 2409 1610 2438 qnae
1648 2399 1715 2428 illud
1754 2402 1881 2427 ‘tantuin

200 2467 331 2491 venerata
358 2460 462 2490 virum*
495 2460 643 2498 excipiunt
667 2460 751 2488 verba
783 2459 875 2488 ‘bunc
905 2459 1002 2487 sedula
1031 2458 1133 2487 curet'.
1181 2458 1278 2496 ltaque
1310 2457 1433 2493 neglexit
1464 2457 1564 2485 tollere
1595 2465 1656 2484 eain
1681 2454 1881 2484 difficultatem
