2112 2634
932 96 1149 125 ,19-

189 184 296 214 libroV
321 190 362 213 ἰιι
387 183 509 213 videtur'
534 185 638 217 onmia.
671 184 699 212 in
726 185 746 213 Α
771 185 867 212 οηιὴω
891 184 918 212 in
943 193 998 213 ras.
1027 185 1169 223 scriptum
1195 194 1259 214 csso
1291 183 1389 213 docuit
1415 184 1511 213 lliller.
1559 185 1617 213 lloc
1641 186 1738 214 rodici-
1763 193 1894 215 accurato

193 241 324 280 inspecto
347 240 422 270 addo
447 249 546 269 vocem
571 239 688 269 ‘oniina'
711 239 766 269 alio
790 245 955 269 atramento
980 245 1006 269 et
1031 241 1158 270 litteram
1176 250 1194 270 a
1217 241 1299 270 aliter
1323 241 1460 280 scriptam
1485 250 1549 271 esse
1577 246 1663 280 atque
1691 242 1782 280 prima
1809 252 1893 272 numu

190 297 270 336 pingi
302 297 389 331 solet,
425 302 456 326 ut
489 305 526 326 ne
557 296 666 325 codicis
689 296 710 325 Α
742 296 861 334 quidem
895 297 1070 326 auctoritato
1095 297 1207 335 vulgata
1231 297 1374 335 scriptura
1399 298 1614 336 coinprolwtur.
1662 298 1742 333 Quae
1766 309 1831 329 cum
1858 300 1893 329 ita

189 354 260 387 sint,
284 354 354 392 quin
379 353 497 382 ‘omnia'
521 352 738 382 restituendum
763 352 801 382 sit
825 362 858 381 eo
884 352 981 382 minus
1005 353 1116 387 dubito,
1141 353 1218 392 quod
1243 353 1407 383 sententiae
1432 363 1549 393 quoque
1572 355 1685 384 ratione
1710 355 1804 384 habita
1826 356 1894 385 baec

192 410 337 450 scriptura
373 409 412 439 illi
449 408 639 447 praeferenda
671 408 784 438 ridetur
813 418 884 437 esse.
932 408 1003 438 Nam
1034 409 1057 438 si
1087 409 1244 447 diligenter
1268 415 1437 448 reputamus
1462 420 1534 448 quae
1560 411 1600 440 vis
1625 411 1763 441 vocabulo
1788 412 1894 441 ominis·

189 466 326 501 subsit¹).
351 475 410 505 quo
435 465 522 495 modo
547 473 620 504 puer
643 465 690 494 ille
713 464 925 503 sortilegus-²)
949 464 1045 495 Deliae
1069 466 1185 496 omina
1211 467 1320 495 referre
1344 467 1473 504 potuerit
1494 476 1554 497 non
1570 467 1761 505 intellegitur3
1785 468 1892 497 etenim

189 524 302 553 diversa
327 522 514 552 divinationis
537 529 643 559 genera
668 527 737 551 sunt
760 521 857 551 omina
882 526 911 550 et
935 527 1039 551 sortes.
1075 523 1170 561 Atque
1193 522 1279 551 etiam
1304 531 1376 552 num
1401 523 1499 553 omina
1524 529 1601 554 certa
1626 524 1772 554 incertave
1796 525 1893 564 potius

189 589 276 619 quam
300 579 394 609 fausta
419 578 516 608 ‹lirave
539 577 680 616 distingui
705 576 863 607 debuerint
887 577 969 607 valde
994 578 1106 608 dubito.
1153 578 1263 614 Quodsi
1289 588 1355 608 cum
1380 579 1528 611 codicibus
1540 580 1564 617 ³)
1588 580 1702 610 ‘omnia’
1727 581 1892 612 scribimus.

189 646 204 665 e
228 636 320 666 triviis
345 635 453 665 ‘omnia
477 634 564 664 certa'
589 634 690 664 referri
716 642 774 664 non
799 634 944 673 potuisse,
978 645 993 664 e
1017 635 1133 674 trinis‘)
1157 635 1287 665 sortibus
1311 636 1442 675 potuisse
1466 642 1594 675 apparet.
1640 637 1711 666 Nam
1736 637 1758 667 si
1784 637 1891 667 Deliam

189 692 327 731 ponimus
351 691 532 730 quaesivisse
555 695 711 720 certumne
735 696 816 720 esset
839 690 866 720 id
891 691 969 730 quod
994 692 1136 729 cogitaret
1158 708 1199 713 —-
1223 692 1367 730 cogitabat
1390 697 1487 722 autem
1513 694 1548 723 de
1572 693 1678 724 Tibulli
1703 694 1829 732 reditu⁵)
1853 714 1891 718 —

188 754 253 789 apte
275 748 430 786 sortilegus
458 757 472 776 e
499 747 630 777 sortibus
657 747 770 777 videtur
796 747 1008 786 respondisse:
1027 748 1185 786 certum⁸);
1214 757 1280 778 cum
1311 749 1356 780 illa
1385 754 1428 779 ter
1455 750 1654 789 quaesivisset,
1682 751 1728 780 hic
1757 761 1771 780 e
1799 751 1892 781 tribus

188 804 394 835 sortitionibus
417 804 516 834 omnia
538 803 647 839 certa⁷)
672 803 821 834 rettulisse
843 809 922 834 recte
946 804 1061 834 dicitur.
1107 805 1146 834 lta
1178 809 1294 840 cuncta,
1328 811 1356 835 et
1385 806 1430 835 dei
1455 816 1529 845 quos
1553 806 1630 836 Delia
1654 807 1841 837 consuluerat
1865 813 1893 837 et

187 865 284 891 sortes
307 865 354 891 ter
377 860 515 891 sublatae.
541 860 653 890 reditus
663 860 687 897 ⁸)
712 859 862 898 dabant0).

332 917 342 947 Ι
366 917 398 952 9,
423 916 469 946 19.
516 916 582 946 Non
616 916 711 946 solum
746 916 776 946 in
800 917 822 946 V
846 917 890 955 (et
921 917 949 946 in
974 916 1156 947 Lachmauni
1186 917 1284 949 codice
1309 917 1343 955 B)
1368 919 1419 948 sed
1451 919 1538 949 etiam
1570 919 1598 948 in
1623 920 1643 948 Α
1667 920 1807 959 scriptum
1833 927 1890 952 est:

189 973 224 1003 ‘O
249 973 354 1009 uiciis’3
384 973 543 1004 Baehrensi
567 982 650 1003 error
674 973 743 1003 inde
767 973 941 1013 explicatur.
974 974 1051 1012 quod
1076 973 1189 1004 formae
1214 974 1376 1005 litterarum
1402 974 1426 1003 Ο
1451 980 1480 1004 et
1504 975 1524 1004 l]
1548 975 1579 1005 in
1603 976 1728 1006 exordiis
1752 987 1890 1007 versuum

188 1030 332 1069 pictarum
357 1035 415 1060 tam
439 1030 550 1060 similes
572 1034 643 1060 sunt
667 1035 712 1064 ut,
741 1030 795 1059 nisi
819 1030 885 1069 quis
909 1030 1129 1060 accuratissime
1153 1030 1225 1060 alios
1250 1040 1351 1061 versus
1374 1031 1408 1061 ab
1433 1031 1456 1061 Ο
1480 1032 1522 1061 vel
1547 1032 1569 1061 l)
1592 1033 1695 1063 litteris
1718 1033 1890 1072 incipientes

187 1087 413 1126 comparaverit,
450 1095 510 1117 non
544 1085 629 1116 facile
659 1096 708 1116 eas
737 1087 899 1124 dignoscat.
945 1086 1018 1116 Hinc
1043 1087 1226 1117 emendanda
1250 1092 1319 1118 sunt
1342 1097 1416 1127 quae
1440 1088 1511 1118 dixit
1535 1088 1688 1119 Rothstein
1712 1089 1742 1119 in
1766 1089 1830 1119 libri
1855 1090 1890 1120 de

188 1143 292 1174 Tibulli
317 1142 466 1173 codicibus
489 1143 650 1182 conscripti
673 1152 718 1182 pg.
736 1143 776 1172 59
786 1142 888 1182 sq.¹⁰).

331 1199 386 1235 19,
403 1199 452 1229 40.
489 1199 521 1229 ln
545 1199 643 1230 codice
667 1205 679 1229 t
701 1204 779 1229 recte
802 1200 944 1239 scriptum
969 1199 1058 1229 fuisse
1082 1200 1214 1238 put0¹¹):
1243 1200 1290 1236 sit,
1315 1209 1428 1240 precor,
1451 1202 1584 1241 exemplo
1607 1202 1646 1231 sit
1668 1202 1737 1232 levis
1761 1202 1805 1232 illa
1830 1207 1889 1233 tuo.

187 1256 342 1296 Archetypi
378 1256 525 1291 librarius,
561 1261 593 1286 ut
626 1256 674 1286 bic
708 1265 827 1296 quoque
863 1265 950 1296 quam
981 1265 1098 1295 pravam
1128 1266 1193 1286 esse
1221 1257 1343 1296 putabat
1371 1258 1504 1288 eiusdem
1529 1258 1659 1288 vocabuli
1683 1259 1887 1298 repetitionem

186 1312 315 1348 tolleret,
347 1313 479 1342 secundo
513 1313 577 1342 loco
605 1313 654 1343 sed
688 1313 910 1352 suprascripsit,
945 1313 1022 1351 quod
1058 1313 1165 1344 codicis
1190 1313 1213 1343 Ο
1243 1313 1376 1344 librarius
1410 1315 1439 1344 in
1474 1319 1585 1345 textum
1620 1316 1745 1355 recepit3
1778 1317 1802 1346 is
1837 1318 1887 1356 qui

185 1368 311 1399 alterum
334 1369 482 1408 archetypi
505 1369 697 1408 apographon
720 1369 847 1400 confecit
870 1378 933 1399 eam
957 1378 1059 1400 vocem
1083 1370 1118 1400 ad
1142 1370 1286 1400 enuntiati
1310 1370 1427 1401 initium
1451 1372 1563 1402 referre
1588 1377 1616 1401 et
1638 1382 1691 1411 pro
1710 1373 1807 1412 priore
1832 1373 1886 1403 ‘sit‘

185 1434 297 1465 ponere
321 1425 433 1455 maluit.

328 1482 405 1517 110,
422 1481 471 1511 49.
517 1481 590 1512 Cum
619 1486 784 1521 spectarem
813 1482 921 1512 codicis
945 1483 966 1512 A
997 1483 1172 1522 scripturam
1207 1483 1361 1519 ‘nitens¹²)
1391 1493 1495 1515 uomer
1522 1485 1648 1521 uiderit'‚
1683 1495 1770 1525 quam
1804 1486 1887 1517 facile

185 1537 261 1568 ‘uid'
296 1542 325 1568 et
358 1537 429 1568 ‘nit'
467 1538 546 1568 inter
580 1549 611 1568 se
646 1539 820 1569 commutari
857 1539 1021 1578 potuerint,
1062 1540 1263 1570 animadverti.
1318 1541 1413 1580 Atque
1448 1546 1519 1580 puto
1553 1542 1702 1582 archetypi
1735 1543 1884 1573 librarium

185 1594 229 1624 vel
263 1594 334 1624 facili
358 1603 457 1625 errore
480 1595 525 1625 vel
555 1595 631 1634 quod
662 1595 691 1625 in
721 1595 855 1625 codicet
889 1596 996 1634 legerat
1030 1596 1246 1626 describentem
1281 1606 1428 1628 exarasse:
1463 1598 1575 1628 ‘uidens
1611 1608 1750 1639 uomerq3
1784 1600 1884 1630 uitet'.

327 1682 348 1713 ¹)
376 1681 413 1706 Cf.
434 1681 484 1706 Cic.
504 1682 534 1707 de
553 1682 603 1707 div.
617 1682 725 1706 145.46
743 1682 771 1714 (ξ
786 1682 944 1714 102-104);
963 1682 983 1707 Π
996 1683 1028 1708 -10
1047 1682 1073 1715 (ᾗ
1087 1683 1206 1715 83-84).

327 1725 349 1757 ²)
379 1725 415 1751 Cf.
436 1725 489 1751 Cic.
508 1726 537 1750 de
557 1726 607 1750 div.
622 1725 641 1750 Π
656 1725 685 1750 41
705 1725 837 1757 (85—87).

326 1770 347 1801 ⁸)
375 1770 508 1795 Librarius
527 1770 612 1794 obiter
629 1769 691 1793 hanc
710 1770 863 1794 sententiam
883 1770 1046 1803 inspicientes
1065 1771 1095 1795 ad
1115 1771 1265 1796 vocabulum
1284 1771 1384 1796 ‘omnia'
1402 1773 1545 1798 mutandum
1570 1777 1696 1806 promptos
1720 1773 1800 1800 fuisse
1825 1784 1884 1800 con-

183 1817 330 1838 senuneum
350 1818 400 1844 θεῖς
421 1814 552 1838 contraria
572 1813 678 1837 mutatio
698 1813 755 1837 veri
774 1813 866 1838 similis
885 1822 932 1837 non
952 1817 998 1838 est.

326 1857 346 1887 Ι)
373 1857 436 1882 Nam
463 1864 519 1881 cum
548 1857 628 1889 impar
654 1857 731 1881 trium
760 1857 868 1882 sortium
896 1865 1012 1882 numerus
1037 1857 1094 1882 tolli
1119 1858 1230 1890 soleret,
1257 1858 1345 1890 Delia,
1373 1863 1401 1884 ut
1428 1868 1575 1892 responsum
1599 1861 1769 1886 certissimum
1794 1861 1884 1894 ferret,

185 1904 225 1925 ter
244 1901 290 1925 hoc
310 1899 381 1925 fecit.

324 1944 348 1974 ⁶)
375 1943 412 1968 Cf.
433 1951 535 1969 versum
555 1948 712 1975 sequentem:
733 1948 823 1969 cuneta
842 1944 936 1968 dabant
954 1944 1059 1969 reditus.

325 1986 347 2018 ⁸)
375 1986 443 2011 Hanc
467 1995 554 2011 vocem
582 1987 718 2012 solemnem
747 1986 825 2012 fuisse
853 1989 1010 2020 putaverim3
1037 1987 1068 2012 cl’.
1088 1987 1139 2013 Cic.
1158 1989 1189 2012 de
1207 1988 1260 2013 div.
1274 1987 1349 2020 1141,
1363 1988 1407 2013 86:
1435 1990 1502 2021 ‘quid
1527 1990 1608 2021 igitur
1626 1991 1651 2015 in
1671 1991 1704 2016 iis
1725 1999 1780 2017 esse
1799 1996 1882 2025 potest

183 2030 280 2060 certi,
298 2038 360 2063 quae
380 2030 508 2055 Fortunae
527 2031 623 2055 monitu
642 2031 714 2063 pueri
733 2038 807 2055 manu
826 2031 964 2056 miscentur
984 2034 1057 2063 atque
1077 2031 1227 2057 ducuntur?

327 2074 348 2104 ⁷)
375 2072 470 2098 ‘Certa’
489 2081 553 2106 qnae
573 2081 623 2097 vox
642 2082 687 2106 pro
706 2073 869 2098 substantivo
889 2079 1027 2106 usurpatur
1046 2078 1086 2099 est
1097 2082 1214 2100 numerus
1228 2076 1334 2108 pluralis
1348 2076 1420 2101 illius
1435 2078 1552 2109 responsi
1567 2077 1679 2102 ‘certum’
1693 2079 1733 2109 (ut
1748 2081 1881 2105 vernaculo

183 2123 298 2141 sermone
318 2120 388 2141 utar:
408 2117 492 2141 lanter
512 2117 649 2148 bejahende
669 2117 840 2148 Antworten).

323 2159 346 2190 ⁸)
372 2159 538 2193 Unaquaeque
566 2160 694 2186 divinatio
721 2161 830 2186 reditum
858 2161 946 2192 dabat3
974 2161 1068 2193 plurali
1092 2169 1194 2186 numero
1221 2162 1320 2193 singula
1339 2170 1460 2194 responsa
1480 2164 1589 2189 reditum
1609 2165 1782 2197 promittentia
1800 2167 1880 2197 signi-

184 2203 298 2234 ficantur,
317 2202 351 2228 cf.
371 2203 426 2228 adn.
439 2204 461 2227 ἵ.

325 2246 346 2277 ⁹)
373 2246 494 2271 Traditae
514 2247 538 2271 in
562 2248 677 2279 sequenti
697 2254 772 2272 versu
790 2248 811 2279 (l
827 2248 904 2281 3,]4)
922 2250 1064 2281 scripturae
1083 2249 1242 2281 ‘respiceret’
1263 2257 1342 2281 nuper
1363 2251 1537 2283 patrocinatus
1557 2255 1595 2276 est
1613 2252 1640 2277 C.
1655 2252 1680 2276 P.
1694 2252 1800 2277 Schulze
1813 2253 1880 2283 (Bei-

183 2289 255 2320 trfige
277 2297 322 2314 zur
339 2289 486 2322 Erkliirung
509 2290 553 2314 der
577 2290 717 2315 romische-a
737 2291 869 2323 Elegiker,
889 2292 970 2323 1893,
994 2301 1032 2324 pg.
1050 2292 1092 2323 19)
1118 2300 1196 2325 neque
1223 2293 1337 2325 respexit
1358 2301 1419 2326 quae
1445 2295 1474 2318 ad
1499 2294 1556 2319 Hor.
1576 2303 1596 2319 c.
1616 2294 1624 2319 l
1641 2296 1677 2327 15,
1693 2295 1721 2322 21
1748 2297 1879 2321 adnotavit

183 2331 318 2363 Hiel'sling.
355 2332 392 2358 Cf.
412 2332 468 2358 Tib.
482 2332 501 2358 ΙΙ
516 2334 538 2363 5,
552 2333 592 2357 22.

317 2375 349 2407 ¹⁰)
373 2375 409 2400 ef.
429 2383 492 2408 quae
511 2377 634 2401 disseruit
652 2376 680 2401 fl.
696 2377 801 2409 Magnus
820 2386 842 2403 a.
860 2378 922 2404 1887
943 2379 967 2403 in
988 2386 1026 2411 pg.
1041 2378 1090 2404 325
1108 2379 1170 2404 libri
1188 2387 1264 2411 supra
1283 2379 1390 2405 laudati.

317 2419 350 2449 ¹¹)
374 2418 411 2444 Cf.
430 2424 592 2452 conspectum
612 2421 636 2444 in
657 2429 695 2453 pg.
711 2421 748 2445 15.
765 2423 795 2446 16
814 2423 976 2455 propositum.

317 2461 349 2492 ¹²)
376 2461 401 2486 ln
420 2461 546 2488 inferiore
565 2466 637 2495 parte
656 2463 760 2489 litterae
774 2472 788 2488 n
809 2468 834 2489 et
852 2465 877 2490 in
898 2465 1028 2498 superiore
1047 2465 1175 2491 litteraet
1194 2466 1259 2491 tales
1278 2474 1383 2492 rasurae
1402 2471 1469 2499 sunt,
1488 2471 1516 2492 ut
1533 2469 1641 2493 ‘uidens'
1658 2469 1779 2501 scriptum
1799 2469 1877 2495 fuisse

183 2504 260 2528 liceat
279 2505 411 2537 suspicari.

1632 2554 1666 2581 3*
