2112 2634
931 79 1148 109 -20-

191 166 299 195 Deinde
330 166 358 194 in
389 176 422 195 eo
452 175 484 195 ex
514 175 571 204 quo
599 170 733 204 excerpta
760 166 779 194 Ι)
808 166 954 195 fluxerunt
984 166 1081 196 codice
1106 167 1166 196 voci
1191 167 1311 196 ‘bidens’
1336 167 1520 196 emendatior
1544 168 1686 206 scriptura
1717 168 1828 198 reddita
1852 173 1880 197 et

191 222 355 260 compendii
390 222 505 260 signum
540 223 616 260 quod
652 231 739 261 supra
772 222 897 251 litteram
927 232 941 252 e
974 223 1117 260 scriptum
1152 228 1213 252 erat
1248 223 1388 252 omissum
1424 223 1512 261 cst1).
1559 224 1588 253 ld
1621 224 1828 263 compendium
1863 235 1877 254 a

191 278 297 307 codicis
322 278 344 306 Ο
373 278 491 307 librario
526 277 656 306 habitum
687 282 730 306 est
761 286 813 316 pro
842 277 926 315 signo
956 277 1080 316 syllabae
1104 278 1145 307 ‘ri'
1170 282 1198 308 et
1223 279 1308 308 metri
1332 288 1418 308 causa
1443 289 1494 308 vox
1519 280 1593 318 ‘que’
1618 280 1725 309 omissa
1750 285 1802 309 est.
1847 280 1879 310 ln

191 334 281 363 altero
305 338 401 363 autem
426 333 573 372 archetypi
596 333 794 372 apograp1102)
818 333 886 363 illud
911 334 1009 363 ‘uitet'
1034 340 1178 364 mutatum
1204 340 1246 364 est
1274 335 1302 364 in
1327 335 1451 373 ‘vigent’,
1481 345 1567 374 quam
1593 336 1790 365 coniecturam
1815 336 1880 376 quia

191 390 351 419 necessaria
376 398 435 419 non
460 393 503 418 est
527 389 615 419 falsae
638 389 701 418 loco
725 394 803 418 recte
827 389 928 419 habuit
952 390 1048 419 Hiller.

332 446 355 475 11
381 447 406 480 1,
426 444 465 475 42
494 446 524 475 in
554 455 577 475 c.
596 446 616 474 Α
647 450 797 474 exaratum
827 449 871 474 est
903 448 1078 485 suppotuisse
1108 450 1178 482 (non
1213 448 1416 486 supposuisse);
1451 447 1486 476 ill
1504 448 1564 482 4,1
1591 447 1682 477 ‘mihi’
1705 449 1879 487 compendio

191 503 341 541 scriptum.
374 502 540 531 Secundum
566 502 699 531 meliores
723 501 811 531 libros
835 501 931 531 scribe
956 502 1024 537 115,
1043 503 1101 531 117
1127 503 1239 538 laurus·‚
1263 503 1344 538 1114,
1362 504 1400 532 45
1424 504 1555 532 Semelae
1572 504 1661 541 (quod
1680 505 1751 534 valet
1777 505 1880 534 tradita

191 558 281 587 forma
307 558 450 587 ‘Semelen
495 558 576 593 1114,
594 558 632 587 47
658 558 727 587 milii
751 558 780 587 in
805 568 827 587 c.
846 560 866 587 A
894 558 1009 588 videtur
1032 568 1095 588 esse
1119 558 1227 597 ‘euiq3‘,
1257 568 1433 598 quamquam
1457 568 1470 588 e
1495 560 1606 589 litterae
1629 570 1642 589 c
1668 560 1812 590 simillima
1836 561 1881 590 vix

191 614 379 652 dignoscitur.
411 614 446 643 IV
462 615 486 650 1,
504 614 543 643 64
567 615 587 643 Α
614 614 734 652 praebet
758 615 866 650 ‘arces',
892 615 930 644 70
954 620 1084 650 nantem,
1109 614 1147 644 82
1172 620 1259 650 artos,
1287 614 1345 644 108
1370 615 1491 654 ‘lapigio’
1518 625 1604 646 manu
1622 617 1783 647 recentiore
1800 618 1880 655 (nam

191 670 271 708 prior
288 670 412 699 litteram
431 670 446 699 d
470 671 551 699 aliter
576 670 667 708 pingit
690 674 777 708 atque
801 671 848 700 hic
872 671 945 709 picta
971 672 1026 707 est)
1049 671 1078 700 in
1106 671 1229 710 ‘iapidie’
1252 676 1409 707 mutatum3
1437 671 1494 701 139
1512 677 1540 701 te
1556 676 1636 701 tereo
1654 672 1685 710 (i.
1699 683 1721 701 e.
1740 673 1881 709 Theraeo,

192 731 224 755 ut
248 735 325 755 mera
351 726 543 765 dittographia
568 726 595 755 in
620 726 775 765 archetypo
799 726 887 761 facta,
918 727 946 756 in
971 736 994 756 c.
1012 726 1035 756 Ο
1064 728 1207 766 descripta
1232 737 1295 756 esse
1320 727 1478 765 videatur);
1510 728 1567 757 1⁶55
1597 728 1737 766 rigentem
1762 734 1801 765 (m
1823 739 1880 759 sec.

193 791 245 811 ma.
271 782 299 811 in
324 792 388 817 ras„
414 786 509 820 potest
531 782 620 811 fuisse
643 781 682 820 s),
706 782 740 811 IV
756 782 804 817 12,
821 782 838 810 2
865 782 960 812 uideas
984 785 1030 821 (ut
1054 783 1074 812 V
1098 793 1153 812 ma.
1178 783 1254 822 pri.).
1294 783 1327 812 lV
1345 783 1372 817 5,
1394 784 1429 812 lo·
1455 783 1483 812 in
1507 793 1618 818 rasura,
1642 794 1716 823 quae
1739 790 1783 815 est
1806 786 1882 816 inter

191 839 241 868 leae
265 843 293 867 et
315 838 438 871 soluisse,
463 838 533 868 ‘nos'
559 839 698 877 scriptum
725 848 783 867 non
808 838 898 868 fuisse
923 839 1055 878 liquefi),
1079 840 1128 869 sed
1153 840 1222 878 quid
1245 840 1334 870 fuerit
1357 850 1371 868 c
1388 839 1516 878 vestigiis
1533 840 1665 879 colligere
1683 850 1740 870 non
1759 842 1881 880 potui¹).

335 895 365 924 {V
385 894 411 928 S,
430 894 456 924 6.
495 894 674 924 Vocabulum
699 894 786 930 ‘non’,
812 895 890 934 quod
914 895 944 924 in
968 896 1065 925 codice
1081 895 1104 925 Ο
1129 896 1319 935 depravatum
1344 896 1458 925 videtur
1483 905 1554 930 esse,
1579 905 1593 925 e
1617 897 1766 926 codicibus
1791 898 1883 927 inter-

194 951 294 990 polatis
319 951 530 990 recipiendum,
555 951 638 981 verba
663 955 759 989 ‘saepe
783 950 953 990 propinque*
977 952 1130 981 retinenda
1155 961 1219 981 esse
1245 962 1359 982 censeo.
1391 952 1463 982 Nam
1482 952 1601 982 verbum
1619 953 1787 991 quiescendi
1805 954 1882 992 quod

193 1007 344 1036 Messalam
373 1007 466 1045 ipsum
496 1007 658 1045 inquietum
688 1017 752 1036 esse
780 1007 888 1037 indicat
917 1012 982 1045 eget
1014 1008 1220 1046 explicatione,
1255 1018 1328 1046 quae
1358 1018 1424 1038 voce
1449 1008 1552 1046 ‘saepe'
1581 1009 1746 1047 praebetur.
1792 1010 1883 1049 Saepe

193 1064 280 1101 igitur
304 1063 359 1092 iam
383 1064 412 1092 in
438 1073 471 1092 eo
495 1064 597 1097 fuerat,
623 1068 653 1092 ut
677 1063 797 1093 Messala
820 1063 854 1093 ad
879 1063 973 1092 villam
999 1063 1248 1102 proficisceretur,
1282 1064 1332 1093 sed
1362 1064 1404 1093 vel
1434 1064 1527 1103 puella
1556 1070 1673 1104 petente
1702 1066 1743 1095 vel
1772 1066 1824 1095 alia
1847 1067 1883 1096 de

193 1129 294 1154 causa,
324 1128 389 1148 cum
414 1119 587 1158 profectioni
613 1119 654 1148 vel
678 1119 774 1158 potius
798 1119 852 1158 ipsi
876 1120 935 1149 riae
961 1119 1166 1158 ingrediendae
1198 1120 1383 1159 propinquus
1413 1120 1522 1154 fuerat,
1549 1121 1654 1151 itinere
1678 1122 1828 1160 proposito
1851 1132 1884 1152 ac

194 1185 283 1214 paene
315 1180 450 1214 suscepto
479 1176 643 1210 destiterat,
677 1180 708 1205 ut
731 1175 854 1214 Sulpicia
880 1186 911 1205 se
935 1176 980 1205 die
1005 1176 1092 1205 natali
1115 1186 1169 1205 suo
1194 1185 1260 1205 cum
1285 1176 1421 1206 Cerintho
1445 1177 1475 1206 in
1501 1177 1572 1206 urbe
1596 1178 1723 1207 futuram
1749 1188 1812 1207 esse
1835 1182 1883 1208 in-

194 1232 303 1271 ciperet
331 1241 460 1270 sperare;
494 1231 543 1261 sed
575 1232 659 1271 paulo
689 1237 755 1271 post
781 1241 883 1261 rursus
911 1231 1060 1270 inquietus
1084 1232 1130 1261 ille
1153 1232 1209 1261 iter
1231 1232 1354 1261 suadere
1378 1232 1499 1262 solebat..
1546 1233 1605 1262 Iam
1630 1243 1696 1263 cum
1720 1234 1800 1264 adest
1824 1234 1883 1264 dies

194 1288 294 1317 natalis
329 1288 424 1317 denuo
459 1297 524 1317 eum
560 1288 671 1327 puellae
700 1288 849 1318 voluntate
884 1288 1013 1326 neglecta
1049 1288 1263 1326 profectionem
1293 1298 1393 1327 parare
1417 1289 1619 1319 animadvertit
1643 1294 1726 1319 etse
1751 1290 1884 1329 precibus

193 1344 395 1382 redintegratis
430 1344 587 1383 quicquam
622 1345 815 1383 profecturam
852 1354 916 1374 esse
950 1339 1107 1382 desperans
1144 1349 1171 1373 et
1204 1344 1358 1382 superbior
1392 1354 1478 1383 quam
1516 1352 1548 1374 ut
1581 1345 1669 1375 dubio
1705 1351 1809 1376 eventu
1843 1347 1883 1376 illi

192 1400 355 1439 supplicare
380 1400 445 1429 velit
473 1401 605 1430 futurum
634 1410 698 1429 esse
728 1400 881 1438 intellegit,
913 1405 945 1429 ut
969 1400 1014 1429 ille
1037 1400 1099 1429 dies
1123 1409 1188 1429 rure
1218 1401 1341 1429 molesto
1365 1401 1493 1438 agendus
1517 1401 1563 1430 sit.
1609 1401 1762 1432 Molestum
1787 1407 1883 1433 autem

192 1466 242 1486 rus
267 1456 344 1491 dixit,
370 1457 447 1495 quod
472 1466 568 1495 neque
591 1456 750 1495 quidquam
776 1456 849 1486 urbe
874 1456 986 1485 dulcius
1010 1465 1105 1495 neque
1129 1456 1243 1494 puellae
1267 1456 1361 1486 villam
1386 1461 1482 1495 aptam
1500 1467 1562 1487 esse
1586 1462 1679 1496 putat.
1710 1458 1768 1488 Iam
1788 1459 1883 1497 igitur,

193 1513 295 1551 inquit,
319 1518 350 1542 tu
374 1512 422 1550 qui
445 1512 568 1541 nimium
594 1512 750 1542 valetudini
775 1522 855 1542 meae
871 1513 999 1541 consulis
1016 1512 1117 1542 desine
1134 1512 1281 1550 inquietus
1299 1517 1385 1551 atque
1402 1513 1574 1542 inconstans
1591 1523 1664 1548 esse,
1690 1515 1883 1553 proficiscere,

194 1569 284 1598 abduc
320 1578 377 1598 me:
417 1568 546 1597 animum
582 1573 692 1603 tamen,
728 1569 860 1607 quamvis
895 1578 961 1597 meo
996 1568 1114 1597 arbitrio
1143 1578 1206 1597 esse
1242 1573 1271 1597 tu
1307 1578 1352 1598 me
1387 1569 1540 1607 prohibere
1571 1569 1699 1604 coneris,
1733 1571 1779 1600 hic
1807 1571 1883 1610 apud

193 1624 362 1653 Cerintlium
387 1625 532 1663 relinquo.
577 1624 792 1663 ‘Propinquus',
827 1625 904 1663 quod
939 1624 1113 1653 adiectivum
1150 1624 1183 1653 ad
1215 1624 1310 1653 locum
1344 1624 1482 1663 pertinet,
1519 1634 1584 1655 cum
1611 1635 1679 1655 voce
1704 1626 1782 1655 ‘viae’
1807 1632 1884 1656 recte

194 1681 426 1719 coniungitur⁵);
452 1681 559 1709 etenim
584 1681 651 1710 dicit
675 1681 801 1719 Sulpicia
825 1680 937 1715 acerbe,
962 1680 991 1709 ni
1014 1680 1106 1716 fallor,
1131 1680 1271 1709 irridens:
1294 1681 1342 1719 qui
1367 1691 1451 1719 saepe
1476 1691 1566 1720 paene
1590 1682 1646 1711 iam
1673 1683 1700 1711 in
1726 1682 1766 1711 via
1791 1683 1883 1712 fuisti.

335 1737 390 1766 Sed
421 1736 594 1766 lectionibus
618 1737 741 1775 potioris
766 1737 899 1766 codicum
924 1737 1023 1766 classis
1053 1745 1127 1775 quae
1157 1736 1229 1766 libro
1254 1737 1273 1765 Α
1307 1737 1391 1775 longe
1421 1737 1617 1767 sincerissime
1650 1743 1885 1777 repraesentatur

334 1872 354 1902 ¹)
381 1872 405 1896 Iu
425 1876 600 1904 excerptorum
619 1872 705 1896 codice
726 1880 739 1903 p
759 1871 878 1903 scriptum
898 1874 936 1895 est
954 1870 1047 1901 ‘uitet',
1065 1871 1091 1895 in
1110 1870 1196 1894 codice
1218 1879 1230 1894 n
1251 1875 1391 1895 correctum
1410 1870 1498 1896 ‘nitet'.

334 1916 355 1944 2)
382 1916 446 1947 Quid
474 1916 498 1940 iu
527 1916 613 1939 codice
634 1924 648 1948 y
673 1915 793 1946 scripturn
812 1914 901 1944 fuerit,
932 1922 1017 1946 parum
1037 1917 1149 1942 constan
1179 1914 1211 1939 cf,
1231 1922 1293 1945 quae
1312 1915 1342 1938 de
1361 1923 1390 1938 eo
1410 1914 1475 1939 iufra
1494 1915 1617 1939 dicentur.
1639 1928 1670 1932 -—-
1689 1914 1714 1939 ln
1736 1915 1884 1940 Lachmanni

195 1959 279 1983 codice
298 1968 311 1983 e
330 1959 450 1990 scriptum
470 1962 507 1982 est
528 1957 630 1988 ‘vigent'
651 1959 708 1988 [sic;
729 1958 819 1982 etenim
840 1957 961 1981 librarius
981 1958 1035 1981 cius
1055 1957 1156 1982 litteras
1175 1965 1190 1980 u
1209 1961 1234 1981 et
1254 1966 1268 1980 v
1288 1958 1335 1981 iam
1355 1958 1521 1987 distinguit!],
1541 1958 1563 1981 iu
1583 1958 1670 1982 codice
1689 1958 1702 1981 d
1721 1958 1839 1989 ‘iugent';
1860 1960 1883 1983 iu

195 2002 279 2026 codice
299 2010 311 2025 c
330 2002 387 2033 quid
407 2001 482 2026 fuerit
501 2003 595 2032 nescio,
619 2009 696 2033 natiue
716 2001 782 2025 enim
802 2001 852 2025 vidi
873 2001 934 2024 illud
956 2001 1085 2032 exemplar
1104 2001 1176 2024 cuius
1195 2001 1350 2030 marginibus
1371 2001 1553 2025 lii-oukhusiuin
1573 2001 1668 2025 codicis
1687 2002 1828 2033 scripturas
1848 2003 1884 2026 in-

195 2046 285 2069 tulisse
306 2044 476 2068 Lachmannus
496 2043 584 2076 (praef.
601 2044 678 2075 pgN')
698 2048 814 2067 testatur.
847 2044 904 2074 [Qui
924 2047 1023 2074 norunt,
1042 2051 1087 2075 qua
1108 2044 1130 2067 in
1151 2043 1304 2068 bibliotheca
1322 2052 1401 2076 quove
1423 2044 1520 2068 nomine
1540 2045 1563 2068 id
1583 2045 1711 2076 exemplar
1729 2049 1884 2077 asservetur,

196 2089 225 2111 ab
245 2088 276 2111 iis
296 2092 361 2119 pcto,
382 2091 407 2111 ut
428 2095 464 2111 me
484 2087 617 2111 certiorem
638 2087 719 2111 faceri·
740 2087 821 2111 velint
840 2086 994 2118 gratiamque
1015 2086 1093 2110 officii
1112 2093 1148 2110 me
1168 2086 1309 2110 habiturum
1324 2095 1378 2111 esse
1399 2088 1527 2118 spondeo-J
1557 2087 1607 2111 lloc
1626 2091 1708 2111 nutem
1727 2088 1782 2112 loco
1803 2092 1883 2113 utrum

195 2131 299 2161 ‘vigent’
320 2131 425 2162 margini
445 2131 596 2162 adscriptum
616 2131 646 2154 sit
669 2138 697 2153 cx
718 2130 803 2153 codice
818 2130 969 2153 Broukhusii
989 2137 1061 2153 mauu
1080 2137 1109 2154 au
1131 2130 1154 2153 iu
1170 2133 1240 2153 textu
1255 2134 1350 2154 tantum
1364 2131 1432 2162 typis
1447 2131 1594 2162 impressum
1610 2130 1738 2160 habeatur,
1758 2139 1786 2155 eo
1806 2131 1884 2161 magis

196 2174 289 2204 dubito,
316 2174 378 2205 quod
405 2174 428 2197 iu
454 2173 573 2197 editionis
593 2173 797 2196 lii-oukhusianae
818 2180 854 2203 pg.
869 2172 914 2196 421
939 2172 1001 2195 nihil
1021 2172 1051 2196 de
1070 2172 1114 2196 bac
1135 2172 1195 2196 libri
1215 2173 1230 2196 Β
1250 2186 1281 2190 >-
1301 2173 1337 2196 sic
1357 2173 1391 2197 ibi
1413 2173 1555 2197 nominatur
1575 2187 1605 2190 -
1625 2173 1752 2205 scriptura
1773 2178 1884 2198 notatum

200 2221 246 2241 cst.
284 2216 388 2240 Omnino
408 2220 433 2239 ut
454 2217 481 2239 de
503 2216 588 2240 codice
608 2225 620 2239 c
640 2219 708 2239 recte
728 2215 835 2239 iudicari
857 2215 944 2246 possit,
964 2223 1024 2246 opus
1043 2219 1081 2238 est
1100 2215 1242 2246 explorare,
1263 2215 1320 2247 quid
1341 2216 1397 2239 inde
1417 2216 1456 2240 illi
1476 2216 1583 2246 margini
1604 2216 1701 2240 illatum
1722 2217 1764 2247 sit,
1783 2217 1883 2242 omissis

202 2260 238 2283 cis
258 2260 408 2283 lectionibus
428 2267 488 2291 quac
509 2262 604 2283 tantum
625 2259 702 2290 ipsius
723 2258 843 2283 editionis
863 2258 1017 2282 auctoritate
1037 2257 1225 2282 confirmantur.

337 2302 357 2331 3)
386 2301 422 2326 Cf.
444 2302 506 2333 prol.
526 2310 563 2334 pg.
581 2302 618 2325 72.

339 2346 359 2375 ⁴)
387 2345 491 2369 Omnino
520 2353 607 2369 monuo
633 2353 662 2369 ne
686 2345 741 2376 quis
760 2352 791 2369 cx
812 2344 903 2369 Hilleri
923 2344 1084 2368 adnotatione
1103 2344 1192 2368 critica
1213 2347 1236 2368 ct
1257 2348 1328 2368 textu
1354 2344 1383 2367 dc
1408 2344 1494 2368 codice
1513 2344 1534 2368 A
1559 2344 1654 2369 iudicet
1674 2345 1788 2375 neglecto
1808 2345 1883 2369 Baeh-

197 2389 263 2413 reusi
285 2392 413 2420 apparatu.

338 2431 358 2461 ⁵)
386 2432 519 2455 Praeterea
539 2432 690 2463 interpretes
711 2440 756 2454 non
778 2431 903 2455 inutiliter
923 2434 1060 2462 provocant
1080 2431 1109 2455 ad
1131 2430 1225 2454 Lucani
1247 2430 1332 2455 Pbars.
1347 2431 1398 2456 x'll
1421 2432 1562 2462 (postquam
1582 2435 1666 2455 castra
1686 2431 1770 2461 duces,
1789 2439 1884 2463 pugnae

201 2476 248 2499 iani
269 2479 349 2499 monte
369 2476 505 2507 propinqui,
526 2475 664 2507 imposuere
685 2475 766 2505 iugis).
