2112 2634
946 104 984 107 —.
1035 96 1052 113 .)
1100 103 1140 107 -.

198 175 310 205 codices
333 175 512 204 'l'ibulliauos
547 175 698 204 excutiens
729 174 854 204 confeci.
891 184 948 203 uon
976 175 1038 204 sinc
1070 174 1165 212 aliquo
1197 174 1300 212 gaudio
1332 174 1409 202 domi
1441 183 1506 202 cuui
1533 174 1636 202 librum
1662 185 1685 203 a.
1709 175 1784 203 15⁹3
1809 186 1822 203 a
1848 185 1893 204 nie

197 231 370 263 emissum‘t
401 231 574 270 inspicerem
604 231 681 260 bunc.
707 239 820 260 versum
853 230 1044 260 animadverti
1077 231 1203 269 primum
1235 231 1324 259 fuisse
1349 230 1437 258 rideri
1463 230 1490 258 in
1517 231 1617 269 pagina
1643 231 1735 259 antica
1769 231 1828 260 t'olii
1855 232 1891 260 >17

198 287 305 317 codicis
330 297 415 326 quem
442 287 480 317 ibi
504 293 515 315 t
540 287 696 316 nominavi.
744 286 800 322 Qui
824 292 985 315 concentus
1009 296 1067 325 quo
1092 287 1180 325 magis
1205 286 1368 325 inopinanti
1395 286 1463 315 mibi
1488 296 1518 315 se
1543 286 1645 315 obtulit
1672 304 1709 307 —
1735 297 1801 316 uam
1826 297 1891 317 cum

199 344 278 373 illum
304 343 410 373 librum
435 343 590 372 scriberem
617 348 645 372 et
669 342 796 371 codicem
815 352 847 371 ex
865 352 923 381 quo
945 343 1119 381 archetypus
1136 343 1298 381 descriptus
1316 347 1360 371 est
1377 343 1530 372 restituere
1547 352 1678 376 conarer,
1701 343 1893 382 discrepantis

199 400 283 430 buius
308 409 408 429 versus
431 399 593 438 scripturae
618 399 727 428 nullam
753 399 838 428 habui
863 399 1004 428 rationem
1035 416 1043 419 «
1094 409 1127 427 co
1151 399 1264 435 gravior
1289 399 1358 428 milii
1382 399 1499 437 quidem
1525 398 1638 428 videtur
1662 409 1735 429 csse.

340 456 396 485 Sed
429 456 519 494 ipsam
560 455 637 484 illam
669 455 777 484 codicis
807 461 817 485 t
848 455 1062 484 restitutioni-m
1101 455 1129 484 in
1161 455 1281 484 dubium
1315 460 1490 484 rocaverunt
1523 455 1650 493 primum
1681 455 1894 485 Maximilianus

200 512 396 550 liothstein'2),
428 511 531 541 deinde
557 511 638 547 llugo
661 511 829 547 Magn11s³)‚
861 516 922 540 tum
948 511 990 539 vir
1014 512 1131 549 quidam
1156 511 1258 541 doctus
1283 512 1332 550 qui
1357 520 1496 541 censurae
1519 521 1589 541 suae
1617 521 1650 541 ex
1674 512 1751 541 illius
1775 512 1894 550 libelli⁴)

198 578 278 598 more
302 569 409 607 primas
433 573 546 597 tantum
572 567 701 597 nominis
733 568 808 606 apud
834 567 996 606 philologos
1022 577 1079 597 non
1104 568 1193 606 ignoti
1219 568 1327 597 litteras
1351 569 1397 597 Cr.
1421 568 1633 607 suliscripsitss).
1680 568 1760 603 Quae
1791 569 1818 597 hi
1844 569 1893 598 viri

197 624 358 654 doctissimi
383 629 597 661 congesserunt
621 629 793 662 argumenta
817 634 848 654 ea
873 624 1038 653 examinare
1063 625 1090 653 in
1116 625 1214 654 animo
1238 624 1341 654 habeo.
1376 634 1438 653 mea
1470 625 1561 663 magis
1593 625 1743 663 perspicua
1775 625 1895 654 reddere

198 681 372 710 confirmare
403 689 509 718 augere
541 680 682 710 conabor:
718 689 776 709 non
803 690 860 719 quo
884 680 912 709 in
937 681 978 709 eis
1003 690 1076 719 quae
1099 681 1190 710 semel
1214 680 1362 719 posuerim
1388 681 1632 719 perseverandum
1659 681 1728 710 mibi
1755 691 1818 711 csse
1842 691 1894 711 ex-

198 737 326 766 istimem
351 742 401 767 aut
424 746 470 766 res
495 736 658 775 probabiles
683 737 726 766 vel
752 737 809 765 veri
834 736 943 766 similes
968 745 1020 775 pro
1044 737 1117 766 veris
1135 737 1283 766 venditare
1307 737 1430 775 cupiam,
1455 737 1505 766 sed
1531 741 1562 766 ut
1585 747 1600 766 e
1624 737 1773 767 communi
1798 737 1895 767 labore

198 794 232 823 ad
257 793 475 832 interpretanda
499 798 602 832 poetae
627 793 696 822 tersi
719 798 807 832 atque
830 794 969 831 elegantis
993 793 1122 822 carmina
1147 793 1234 833 aliqui
1258 793 1381 822 fortasse
1405 793 1517 822 fructus
1542 794 1695 823 redundet.

340 851 380 879 Ac
403 849 530 888 primum
555 849 685 888 quidem.
708 858 779 879 num
805 850 938 879 universa
963 849 1008 878 illa
1031 849 1140 879 codicis
1161 854 1172 878 t
1195 849 1369 879 restituendi
1387 850 1458 879 ratio
1476 849 1600 879 obtineri
1617 850 1719 888 possit,
1745 850 1894 879 videamus

198 915 284 945 quam
310 905 493 935 brevissime:
529 914 626 944 neque
650 906 726 935 enim
753 906 780 934 id
806 915 868 935 mea
892 915 1069 945 magnopere
1094 906 1230 941 interest,
1261 906 1368 944 quippe
1395 906 1444 944 qui
1469 906 1610 935 calamum
1636 915 1694 935 non
1719 906 1894 946 sumpserim

198 967 231 992 ut
254 962 362 991 codicis
386 962 506 991 alicuius
530 962 702 1000 paginarum
727 962 993 1000 investigandarum
1018 962 1163 991 rationem
1190 962 1355 1000 indagarem
1373 967 1459 1001 atque
1476 962 1649 1000 proferrem,
1673 963 1723 992 sed
1749 967 1780 991 ut
1803 963 1892 992 inter-

199 1018 394 1058 pretationem
419 1018 604 1057 quorundam
630 1019 760 1047 locorum
785 1019 913 1047 iurarem
939 1018 961 1047 si
981 1027 1107 1057 possem.
1139 1019 1245 1047 Verum
1263 1027 1329 1047 cum
1348 1019 1481 1047 omnium
1500 1019 1547 1057 qui
1566 1018 1685 1048 criticen
1702 1018 1893 1048 'l'ibullianam

199 1080 334 1104 exercent
359 1074 573 1113 philologorum
598 1080 662 1104 tum
689 1084 784 1104 meum
810 1084 871 1103 esse.
896 1074 1058 1103 existimavi
1083 1084 1233 1113 quaerere,
1258 1075 1307 1112 qui
1332 1074 1460 1113 potuerit
1478 1074 1550 1105 lieri,
1575 1081 1607 1105 ut
1623 1075 1669 1103 ille
1686 1075 1754 1103 satis
1773 1084 1894 1113 maguus

200 1131 368 1160 lacunarum
393 1136 421 1160 et
444 1131 704 1170 interpolationum
729 1130 903 1168 numerusfi)
927 1131 954 1160 in
979 1135 1091 1160 textum
1123 1131 1278 1169 irreperet,
1314 1131 1485 1169 praesertim
1517 1140 1583 1160 cum
1617 1131 1686 1160 tales
1710 1131 1895 1160 coniecturae

199 1192 262 1217 turn
298 1187 417 1217 demum
454 1196 506 1226 pro
534 1188 592 1217 veri
625 1187 771 1216 similibus
803 1187 928 1217 debeant
959 1187 1074 1218 haberi,
1109 1196 1174 1216 cum
1199 1187 1249 1225 qui
1274 1187 1420 1226 potuerint
1444 1187 1511 1216 oriri
1536 1187 1633 1226 aliquo
1660 1187 1747 1216 modo
1771 1187 1896 1226 probare

200 1244 330 1282 contigit.
376 1244 460 1279 Quod
495 1243 583 1282 igitur
611 1243 765 1273 Rothsteiu
800 1249 901 1273 monet
935 1253 1001 1272 cum
1037 1243 1124 1272 dicat:
1164 1243 1272 1273 ‘Schon
1303 1244 1353 1273 das
1386 1243 1423 1273 ist
1453 1243 1644 1276 bedenklicb,
1679 1244 1743 1273 (lass
1774 1253 1805 1273 er
1828 1244 1894 1273 dem

201 1299 356 1330 Schreiber
379 1300 430 1329 des
454 1300 635 1338 Archetypus
667 1300 733 1329 eine
764 1300 844 1329 nicbt
874 1300 991 1337 geringe
1015 1299 1140 1330 Freiheit
1170 1300 1263 1329 lassen
1294 1300 1385 1331 murs,
1419 1299 1516 1329 nebeu
1549 1300 1601 1329 der
1625 1299 1817 1329 Normalseite
1840 1309 1894 1329 von

204 1359 239 1387 14
258 1357 353 1386 Zeilen
379 1356 444 1385 lass-t
462 1365 493 1385 er
515 1356 549 1385 13
567 1356 626 1385 und
646 1357 682 1385 15
700 1356 795 1385 Zeilen
813 1356 897 1385 recht
914 1356 1010 1394 hauilg
1026 1356 1236 1389 vorkommen'‚
1261 1365 1330 1385 sane
1355 1365 1441 1395 quam
1466 1366 1552 1394 grave
1575 1361 1653 1386 esset
1677 1361 1894 1394 argumentum,

200 1413 223 1443 si
247 1413 305 1442 ullo
329 1413 392 1442 loco
417 1422 480 1441 mea
504 1413 540 1442 de
562 1413 660 1442 codice
684 1417 694 1441 t
724 1412 869 1442 sententia
902 1422 936 1442 eo
960 1422 1052 1441 essem
1078 1412 1230 1448 deductus,
1259 1417 1291 1442 ut
1313 1413 1448 1442 traditam
1472 1413 1628 1442 lectionem
1654 1413 1826 1452 impugnare
1850 1413 1891 1442 in-

200 1470 346 1509 ciperem;
369 1470 420 1498 sed
445 1478 498 1507 ego
523 1469 568 1498 illa
593 1469 732 1508 opinione
754 1469 793 1498 ita
817 1473 931 1498 tantum
955 1478 1026 1498 usus
1050 1478 1115 1498 esse
1139 1469 1208 1498 mibi
1233 1469 1342 1500 videor.
1367 1474 1398 1498 ut
1415 1469 1481 1498 vitia
1497 1485 1538 1490 —-
1555 1478 1680 1507 quorum
1706 1478 1807 1506 magna
1829 1478 1895 1507 pars

199 1526 234 1556 ab
271 1525 332 1555 aliis
368 1535 464 1564 neque
501 1534 514 1554 a
552 1534 599 1554 me
636 1534 695 1554 uno
731 1529 780 1554 aut
811 1525 907 1564 primo
938 1525 1052 1563 cognita
1082 1530 1127 1554 est
1156 1542 1196 1546 ——
1227 1525 1309 1554 aliis
1341 1525 1431 1554 rebus
1461 1525 1603 1564 patefacta
1641 1525 1729 1554 oriri
1767 1525 1895 1564 potuisse

200 1582 395 1612 ostenderem.
441 1581 559 1611 Accedit
586 1581 678 1620 quod,
711 1590 766 1620 qua
795 1582 830 1611 de
853 1591 939 1611 causa
965 1582 1089 1611 maiorve
1113 1582 1243 1611 minorve
1267 1591 1404 1611 versuum
1430 1591 1572 1611 numerus
1597 1591 1610 1610 a
1634 1582 1750 1610 librario
1774 1581 1896 1620 paginae

200 1639 359 1677 inscriptus
393 1638 445 1672 sit,
479 1637 600 1673 semel')
627 1646 687 1666 non
721 1642 816 1676 potest
849 1638 918 1672 dici,
953 1638 1074 1676 semel⁸)
1107 1648 1165 1667 non
1198 1638 1372 1671 incredibili,
1407 1638 1539 1671 novies9)
1563 1638 1634 1667 satis
1658 1637 1798 1676 probabili
1823 1647 1894 1667 con-

200 1696 308 1725 iectura
333 1694 467 1733 explicari
492 1694 641 1732 potestffl).
677 1693 737 1723 Tali
761 1698 860 1724 autem
884 1694 914 1723 in
938 1703 969 1723 re
993 1695 1041 1733 qui
1065 1694 1232 1723 adstrictam
1257 1694 1404 1733 quandam
1430 1694 1511 1732 quasi
1538 1694 1808 1723 matbematicorum
1835 1694 1895 1732 lege

198 1751 393 1781 constantiam
417 1750 631 1789 requirunt¹¹)‚
667 1750 752 1779 velim
777 1755 915 1789 reputent
939 1759 976 1779 ne
1001 1751 1027 1779 in
1051 1750 1149 1779 codice
1173 1752 1194 1779 Α
1218 1750 1350 1789 quidem,
1385 1751 1517 1789 quamvis
1552 1759 1654 1787 magna
1689 1750 1895 1789 aequabilitate

343 1833 364 1863 ¹)
394 1831 525 1857 h'ritische
543 1832 723 1863 prolegomena
743 1841 772 1856 zu
791 1831 887 1863 Tibull,
907 1833 999 1862 Berlin,
1020 1833 1232 1857 weidmaunsehe
1251 1833 1453 1863 Buehhandlung.

342 1875 363 1907 2)
392 1875 603 1900 wochenschrist
622 1875 662 1900 fiir
682 1876 823 1900 klassische
842 1875 993 1906 philologie,
1016 1876 1087 1907 1893,
1107 1883 1146 1907 pg.
1164 1876 1338 1901 1314—1318.

342 1919 364 1949 ³)
391 1920 506 1943 Berliner
525 1918 715 1951 philologische
729 1918 946 1949 Woehenschriit,
968 1920 1041 1945 1593.
1061 1927 1098 1950 μς.
1117 1919 1291 1944 1546-1551.

340 1964 362 1993 ⁴)
390 1962 581 1987 Literarisches
600 1963 781 1993 Centrulblatt,
805 1963 876 1993 189⁴,
896 1970 935 1994 pg.
951 1962 1093 1986 360—361.

342 2006 363 2037 ⁵)
392 2006 495 2030 Veniam
516 2006 574 2030 mihi
595 2006 664 2031 dabit
684 2006 725 2030 vir
745 2006 910 2037 clarissimus,
929 2006 992 2038 quod
1013 2014 1057 2036 ego
1078 2005 1102 2029 in
1123 2006 1169 2029 hoc
1188 2006 1308 2038 opusculo
1328 2006 1414 2030 eodem
1434 2006 1500 2035 siglo
1520 2009 1587 2030 utor.

342 2050 363 2079 ⁸)
391 2049 522 2074 Rotbstein
543 2049 642 2081 quidem
661 2050 724 2073 dicit
743 2057 781 2081 pg.
799 2050 873 2074 1314:
904 2049 948 2073 ‘Da
969 2048 1094 2073 mehrsaeh
1118 2057 1197 2080 gauze
1217 2049 1298 2074 Vei-se
1322 2050 1346 2073 in
1373 2057 1477 2073 unserer
1497 2043 1691 2079 'Uberlieterung
1711 2050 1830 2074 vcrloreu
1851 2058 1893 2079 1:8-

196 2100 292 2123 gaugcn
322 2092 377 2116 sind
405 2093 453 2116 und
482 2093 506 2116 in
535 2093 633 2123 einigen
663 2092 750 2116 Fiillen
780 2091 820 2116 fiir
846 2093 962 2123 griii'serc
982 2092 1112 2116 Vens-teile
1142 2093 1195 2117 sich
1220 2086 1356 2116 thliches
1386 2093 1431 2116 mit
1450 2092 1730 2117 thrschoinlichkeit
1756 2093 1892 2118 annehmen

197 2135 256 2160 lfisst
276 2137 346 2166 etc.¹;
375 2136 479 2165 Magnus
500 2137 628 2168 pg.154ti:
657 2136 726 2160 “Dass
745 2137 790 2161 der
809 2137 969 2169 Archetypus
998 2137 1062 2160 aller
1081 2136 1270 2167 vollstiindigen
1292 2135 1356 2165 uss„
1384 2135 1424 2159 dic
1452 2136 1500 2159 wir
1529 2135 1651 2166 bcsitzen,
1680 2135 1893 2168 liuterpolatiouen

197 2180 312 2208 enthielt,
341 2180 374 2204 ist
401 2179 531 2209 bekannt'3
560 2180 601 2203 Cr.
621 2187 658 2211 pg.
673 2180 736 2204 360:
766 2179 800 2204 ‘In
825 2180 943 2204 mant-hen
963 2179 1051 2203 Fffllcn
1071 2187 1124 2203 war
1142 2180 1185 2203 dns
1205 2179 1268 2209 [dass
1288 2178 1433 2203 schadbaste
1452 2179 1549 2203 Stellen
1569 2179 1612 2203 des
1631 2180 1792 2211 Archetypus
1817 2179 1892 2203 durch

197 2223 367 2254 Ertindungen
386 2223 457 2247 eines
477 2223 670 2253 Abschreibers,
689 2223 768 2247 durch
788 2223 979 2255 interpolation,
1000 2221 1135 2251 ans-genitu
1154 2223 1220 2253 sind]
1240 2223 1296 2246 eine
1316 2221 1470 2246 anerkannte
1485 2221 1636 2246 Wahrheit’.

341 2266 363 2296 ⁷)
390 2267 415 2290 in
435 2265 506 2290 foliis
526 2266 558 2289 33
577 2270 603 2290 et
622 2267 661 2291 34.

341 2309 363 2340 ⁸)
391 2310 417 2334 in
437 2309 500 2333 solio
519 2309 560 2333 37.

344 2352 365 2383 ⁹)
393 2353 417 2377 in
432 2352 448 2377 Γ.
461 2352 558 2378 10-13
572 2353 706 2385 (quaterna
719 2351 773 2377 sere
787 2352 849 2377 folia
864 2353 986 2377 librarius
1000 2353 1075 2377 lineis
1089 2352 1240 2376 distinxisse
1255 2353 1381 2381 videtui—h
1395 2351 1410 2375 f.
1425 2352 1557 2384 stup—un
1572 2351 1587 2376 f.
1602 2352 1734 2383 18p-193
1749 2351 1763 2376 f.
1778 2352 1892 2377 23—24:

197 2395 214 2419 s.
229 2396 343 2425 29-31;
362 2395 378 2420 f.
393 2395 475 2422 47:1'.
489 2396 555 2426 56³3
575 2395 591 2420 f.
607 2397 676 2428 fi5p3
695 2395 712 2420 f.
727 2397 858 2429 'top-71*

331 2439 362 2468 ¹⁰)
390 2438 414 2463 ld
435 2439 500 2463 enim
519 2439 572 2470 egit
591 2439 721 2470 librarius,
741 2443 768 2463 ut
787 2447 886 2464 carmen
905 2439 1006 2471 aliquod
1027 2447 1080 2462 cum
1101 2439 1188 2471 pagina
1208 2439 1334 2463 finiretur.

332 2481 364 2512 ¹¹)
383 2481 452 2514 Quod
462 2490 507 2505 non
515 2481 575 2506 facit
583 2481 865 2513 Rothstein‚dicitenim
875 2486 930 2515 post
937 2483 1013 2506 verba
1027 2490 1101 2514 supra
1111 2482 1224 2507 laudata:
1235 2483 1293 2506 ‘Das
1305 2483 1336 2506 ist
1347 2483 1437 2512 gewiss
1448 2490 1477 2506 au
1487 2482 1541 2506 sich
1553 2482 1622 2507 nicht
1632 2481 1892 2506 unwabrscheiulich'.
