<?xml version="1.0" encoding="UTF-8"?>
<!DOCTYPE html PUBLIC "-//W3C//DTD XHTML 1.0 Transitional//EN"
    "http://www.w3.org/TR/xhtml1/DTD/xhtml1-transitional.dtd">
<html xmlns="http://www.w3.org/1999/xhtml" xml:lang="en" lang="en">
 <head>
  <title>
</title>
<meta http-equiv="Content-Type" content="text/html;charset=utf-8" />
  <meta name='ocr-system' content='tesseract 3.04.00' />
  <meta name='ocr-capabilities' content='ocr_page ocr_carea ocr_par ocr_line ocrx_word'/>
</head>
<body>
  <div class='ocr_page' id='page_1' title='image "./quaestionestibul00belluoft_0023.png"; bbox 0 0 2112 2634; ppageno 0'>
   <div class='ocr_carea' id='block_1_1' title="bbox 99 1333 182 1364">
    <p class='ocr_par' dir='ltr' id='par_1_1' title="bbox 99 1333 182 1364">
     <span class='ocr_line' id='line_1_1' title="bbox 99 1333 182 1364; baseline -0.024 0"><span class='ocrx_word' id='word_1_1' title='bbox 99 1333 119 1364; x_wconf 80' lang='lat' dir='ltr'>f.</span> <span class='ocrx_word' id='word_1_2' title='bbox 136 1334 182 1363; x_wconf 88' lang='lat'>15.</span> 
     </span>
    </p>
   </div>
   <div class='ocr_carea' id='block_1_2' title="bbox 944 108 1158 137">
    <p class='ocr_par' dir='ltr' id='par_1_2' title="bbox 944 108 1158 137">
     <span class='ocr_line' id='line_1_2' title="bbox 944 108 1158 137; baseline 0.005 -9"><span class='ocrx_word' id='word_1_3' title='bbox 944 108 1158 137; x_wconf 55' lang='lat'>--21—</span> 
     </span>
    </p>
   </div>
   <div class='ocr_carea' id='block_1_3' title="bbox 203 195 1903 1249">
    <p class='ocr_par' dir='ltr' id='par_1_3' title="bbox 203 195 1903 1249">
     <span class='ocr_line' id='line_1_3' title="bbox 203 195 1899 234; baseline 0.002 -10"><span class='ocrx_word' id='word_1_4' title='bbox 203 195 390 224; x_wconf 76' lang='lat' dir='ltr'>niultit&#39;arinui</span> <span class='ocrx_word' id='word_1_5' title='bbox 415 195 579 234; x_wconf 77' lang='lat' dir='ltr'>depravatis</span> <span class='ocrx_word' id='word_1_6' title='bbox 603 204 818 233; x_wconf 75' lang='lat' dir='ltr'>nonuunquam</span> <span class='ocrx_word' id='word_1_7' title='bbox 844 196 1070 233; x_wconf 55' lang='lat' dir='ltr'>emungi-intui„</span> <span class='ocrx_word' id='word_1_8' title='bbox 1097 197 1181 226; x_wconf 74' lang='lat' dir='ltr'>nohis·</span> <span class='ocrx_word' id='word_1_9' title='bbox 1205 207 1269 226; x_wconf 85' lang='lat' dir='ltr'>csse</span> <span class='ocrx_word' id='word_1_10' title='bbox 1293 202 1408 226; x_wconf 77' lang='lat' dir='ltr'>constat</span> <span class='ocrx_word' id='word_1_11' title='bbox 1434 197 1469 225; x_wconf 81' lang='lat' dir='ltr'>ad</span> <span class='ocrx_word' id='word_1_12' title='bbox 1494 198 1608 227; x_wconf 67' lang='lat' dir='ltr'>codices</span> <span class='ocrx_word' id='word_1_13' title='bbox 1634 203 1721 227; x_wconf 81' lang='lat' dir='ltr'>uotae</span> <span class='ocrx_word' id='word_1_14' title='bbox 1745 199 1899 228; x_wconf 69' lang='lat' dir='ltr'>deterioris</span> 
     </span>
     <span class='ocr_line' id='line_1_4' title="bbox 203 251 1899 292; baseline 0.002 -12"><span class='ocrx_word' id='word_1_15' title='bbox 203 251 311 290; x_wconf 78' lang='lat' dir='ltr'>quippe</span> <span class='ocrx_word' id='word_1_16' title='bbox 346 251 396 290; x_wconf 92' lang='lat' dir='ltr'>qui</span> <span class='ocrx_word' id='word_1_17' title='bbox 431 251 529 281; x_wconf 84' lang='lat' dir='ltr'>inultis</span> <span class='ocrx_word' id='word_1_18' title='bbox 563 251 704 290; x_wconf 76' lang='lat' dir='ltr'>exemplis</span> <span class='ocrx_word' id='word_1_19' title='bbox 738 251 988 281; x_wconf 81' lang='lat' dir='ltr'>intercedentibus</span> <span class='ocrx_word' id='word_1_20' title='bbox 1017 253 1058 282; x_wconf 72' lang='lat' dir='ltr'>vel</span> <span class='ocrx_word' id='word_1_21' title='bbox 1083 253 1117 282; x_wconf 83' lang='lat' dir='ltr'>ad</span> <span class='ocrx_word' id='word_1_22' title='bbox 1142 253 1267 283; x_wconf 84' lang='lat' dir='ltr'>alterum</span> <span class='ocrx_word' id='word_1_23' title='bbox 1291 253 1437 292; x_wconf 65' lang='lat' dir='ltr'>archetypi</span> <span class='ocrx_word' id='word_1_24' title='bbox 1462 254 1650 292; x_wconf 78' lang='lat' dir='ltr'>apographon</span> <span class='ocrx_word' id='word_1_25' title='bbox 1677 254 1720 283; x_wconf 85' lang='lat' dir='ltr'>his</span> <span class='ocrx_word' id='word_1_26' title='bbox 1747 260 1824 284; x_wconf 81' lang='lat' dir='ltr'>terve</span> <span class='ocrx_word' id='word_1_27' title='bbox 1848 256 1899 283; x_wconf 75' lang='lat' dir='ltr'>de-</span> 
     </span>
     <span class='ocr_line' id='line_1_5' title="bbox 203 307 1898 349; baseline 0.003 -13"><span class='ocrx_word' id='word_1_28' title='bbox 203 307 378 346; x_wconf 81' lang='lat' dir='ltr'>scriptum‘)</span> <span class='ocrx_word' id='word_1_29' title='bbox 403 308 445 337; x_wconf 67' lang='lat' dir='ltr'>vel</span> <span class='ocrx_word' id='word_1_30' title='bbox 469 307 504 337; x_wconf 84' lang='lat' dir='ltr'>ad</span> <span class='ocrx_word' id='word_1_31' title='bbox 529 307 586 336; x_wconf 83' lang='lat' dir='ltr'>duo</span> <span class='ocrx_word' id='word_1_32' title='bbox 611 307 699 336; x_wconf 77' lang='lat' dir='ltr'>triave</span> <span class='ocrx_word' id='word_1_33' title='bbox 724 308 813 346; x_wconf 90' lang='lat' dir='ltr'>ipsius</span> <span class='ocrx_word' id='word_1_34' title='bbox 838 308 987 347; x_wconf 71' lang='lat' dir='ltr'>archetypi</span> <span class='ocrx_word' id='word_1_35' title='bbox 1015 310 1178 349; x_wconf 73' lang='lat' dir='ltr'>apographa</span> <span class='ocrx_word' id='word_1_36' title='bbox 1208 310 1383 348; x_wconf 73' lang='lat' dir='ltr'>pertineant.</span> <span class='ocrx_word' id='word_1_37' title='bbox 1430 310 1485 345; x_wconf 74' lang='lat' dir='ltr'>Qui</span> <span class='ocrx_word' id='word_1_38' title='bbox 1511 310 1625 340; x_wconf 82' lang='lat' dir='ltr'>codices</span> <span class='ocrx_word' id='word_1_39' title='bbox 1649 320 1704 349; x_wconf 89' lang='lat' dir='ltr'>qua</span> <span class='ocrx_word' id='word_1_40' title='bbox 1730 311 1841 340; x_wconf 88' lang='lat' dir='ltr'>ratione</span> <span class='ocrx_word' id='word_1_41' title='bbox 1865 312 1898 341; x_wconf 83' lang='lat' dir='ltr'>ad</span> 
     </span>
     <span class='ocr_line' id='line_1_6' title="bbox 203 363 1899 405; baseline 0.002 -12"><span class='ocrx_word' id='word_1_42' title='bbox 203 363 349 402; x_wconf 72' lang='lat' dir='ltr'>archetypi</span> <span class='ocrx_word' id='word_1_43' title='bbox 385 363 560 402; x_wconf 78' lang='lat' dir='ltr'>scripturam</span> <span class='ocrx_word' id='word_1_44' title='bbox 597 363 829 401; x_wconf 81' lang='lat' dir='ltr'>cognoscendam</span> <span class='ocrx_word' id='word_1_45' title='bbox 865 364 1022 394; x_wconf 82' lang='lat' dir='ltr'>adhibendi</span> <span class='ocrx_word' id='word_1_46' title='bbox 1056 365 1129 397; x_wconf 89' lang='lat' dir='ltr'>sint.</span> <span class='ocrx_word' id='word_1_47' title='bbox 1166 366 1236 395; x_wconf 85' lang='lat' dir='ltr'>satis</span> <span class='ocrx_word' id='word_1_48' title='bbox 1271 365 1370 395; x_wconf 88' lang='lat' dir='ltr'>multis</span> <span class='ocrx_word' id='word_1_49' title='bbox 1404 366 1473 395; x_wconf 80' lang='lat' dir='ltr'>locis</span> <span class='ocrx_word' id='word_1_50' title='bbox 1497 366 1632 397; x_wconf 86' lang='lat' dir='ltr'>docuisse</span> <span class='ocrx_word' id='word_1_51' title='bbox 1657 367 1796 405; x_wconf 75' lang='lat' dir='ltr'>videm-²).</span> <span class='ocrx_word' id='word_1_52' title='bbox 1842 368 1899 397; x_wconf 81' lang='lat' dir='ltr'>Sed</span> 
     </span>
     <span class='ocr_line' id='line_1_7' title="bbox 203 419 1900 461; baseline 0.002 -12"><span class='ocrx_word' id='word_1_53' title='bbox 203 420 343 458; x_wconf 80' lang='lat' dir='ltr'>quaedam</span> <span class='ocrx_word' id='word_1_54' title='bbox 367 420 403 449; x_wconf 86' lang='lat' dir='ltr'>de</span> <span class='ocrx_word' id='word_1_55' title='bbox 427 429 528 449; x_wconf 87' lang='lat' dir='ltr'>eorum</span> <span class='ocrx_word' id='word_1_56' title='bbox 553 428 608 449; x_wconf 89' lang='lat' dir='ltr'>usu</span> <span class='ocrx_word' id='word_1_57' title='bbox 632 419 763 449; x_wconf 85' lang='lat' dir='ltr'>addenda</span> <span class='ocrx_word' id='word_1_58' title='bbox 787 426 866 449; x_wconf 86' lang='lat' dir='ltr'>sunt.</span> <span class='ocrx_word' id='word_1_59' title='bbox 913 424 951 450; x_wconf 62' lang='lat' dir='ltr'>Ac</span> <span class='ocrx_word' id='word_1_60' title='bbox 975 422 1101 459; x_wconf 88' lang='lat' dir='ltr'>primum</span> <span class='ocrx_word' id='word_1_61' title='bbox 1127 422 1242 460; x_wconf 78' lang='lat' dir='ltr'>quidem</span> <span class='ocrx_word' id='word_1_62' title='bbox 1275 428 1346 452; x_wconf 84' lang='lat' dir='ltr'>sunt</span> <span class='ocrx_word' id='word_1_63' title='bbox 1369 422 1418 460; x_wconf 90' lang='lat' dir='ltr'>qui</span> <span class='ocrx_word' id='word_1_64' title='bbox 1443 422 1516 451; x_wconf 86' lang='lat' dir='ltr'>ultra</span> <span class='ocrx_word' id='word_1_65' title='bbox 1541 423 1566 451; x_wconf 93' lang='lat' dir='ltr'>id</span> <span class='ocrx_word' id='word_1_66' title='bbox 1591 423 1669 461; x_wconf 91' lang='lat' dir='ltr'>quod</span> <span class='ocrx_word' id='word_1_67' title='bbox 1695 422 1900 453; x_wconf 80' lang='lat' dir='ltr'>Lachmanuus</span> 
     </span>
     <span class='ocr_line' id='line_1_8' title="bbox 204 475 1900 518; baseline 0.002 -13"><span class='ocrx_word' id='word_1_68' title='bbox 204 476 251 505; x_wconf 83' lang='lat' dir='ltr'>illo</span> <span class='ocrx_word' id='word_1_69' title='bbox 276 481 408 515; x_wconf 86' lang='lat' dir='ltr'>tempore</span> <span class='ocrx_word' id='word_1_70' title='bbox 431 482 509 506; x_wconf 84' lang='lat' dir='ltr'>recte</span> <span class='ocrx_word' id='word_1_71' title='bbox 531 475 633 505; x_wconf 81' lang='lat' dir='ltr'>statuit</span> <span class='ocrx_word' id='word_1_72' title='bbox 657 476 792 514; x_wconf 78' lang='lat' dir='ltr'>progredi</span> <span class='ocrx_word' id='word_1_73' title='bbox 817 476 980 506; x_wconf 77' lang='lat' dir='ltr'>videantur.</span> <span class='ocrx_word' id='word_1_74' title='bbox 1027 477 1097 506; x_wconf 73' lang='lat' dir='ltr'>Nam</span> <span class='ocrx_word' id='word_1_75' title='bbox 1123 487 1188 507; x_wconf 86' lang='lat' dir='ltr'>cum</span> <span class='ocrx_word' id='word_1_76' title='bbox 1215 478 1261 507; x_wconf 83' lang='lat' dir='ltr'>ille</span> <span class='ocrx_word' id='word_1_77' title='bbox 1291 479 1384 507; x_wconf 88' lang='lat' dir='ltr'>littera</span> <span class='ocrx_word' id='word_1_78' title='bbox 1410 478 1430 507; x_wconf 72' lang='grc' dir='ltr'>(Σ</span> <span class='ocrx_word' id='word_1_79' title='bbox 1462 477 1589 508; x_wconf 75' lang='lat' dir='ltr'>breviter</span> <span class='ocrx_word' id='word_1_80' title='bbox 1611 479 1801 518; x_wconf 77' lang='lat' dir='ltr'>significasset</span> <span class='ocrx_word' id='word_1_81' title='bbox 1829 490 1900 509; x_wconf 89' lang='lat' dir='ltr'>con-</span> 
     </span>
     <span class='ocr_line' id='line_1_9' title="bbox 203 532 1900 574; baseline 0.002 -13"><span class='ocrx_word' id='word_1_82' title='bbox 203 541 324 562; x_wconf 85' lang='lat' dir='ltr'>sensum</span> <span class='ocrx_word' id='word_1_83' title='bbox 360 532 447 562; x_wconf 90' lang='lat' dir='ltr'>trium</span> <span class='ocrx_word' id='word_1_84' title='bbox 483 532 616 562; x_wconf 88' lang='lat' dir='ltr'>codicum</span> <span class='ocrx_word' id='word_1_85' title='bbox 650 532 1039 570; x_wconf 63' lang='lat' dir='ltr'>recentissimoruw),</span> <span class='ocrx_word' id='word_1_86' title='bbox 1075 534 1102 563; x_wconf 90' lang='lat' dir='ltr'>hi</span> <span class='ocrx_word' id='word_1_87' title='bbox 1136 534 1256 564; x_wconf 84' lang='lat' dir='ltr'>criticen</span> <span class='ocrx_word' id='word_1_88' title='bbox 1292 535 1334 563; x_wconf 88' lang='lat' dir='ltr'>sic</span> <span class='ocrx_word' id='word_1_89' title='bbox 1369 543 1505 564; x_wconf 76' lang='lat' dir='ltr'>exercere</span> <span class='ocrx_word' id='word_1_90' title='bbox 1530 536 1644 571; x_wconf 81' lang='lat' dir='ltr'>volunt,</span> <span class='ocrx_word' id='word_1_91' title='bbox 1680 541 1818 574; x_wconf 82' lang='lat' dir='ltr'>tanquam</span> <span class='ocrx_word' id='word_1_92' title='bbox 1855 536 1900 565; x_wconf 81' lang='lat' dir='ltr'>ille</span> 
     </span>
     <span class='ocr_line' id='line_1_10' title="bbox 204 588 1900 631; baseline 0.002 -13"><span class='ocrx_word' id='word_1_93' title='bbox 204 589 331 618; x_wconf 77' lang='lat' dir='ltr'>codicem</span> <span class='ocrx_word' id='word_1_94' title='bbox 362 588 508 628; x_wconf 83' lang='lat' dir='ltr'>quendam</span> <span class='ocrx_word' id='word_1_95' title='bbox 539 589 559 618; x_wconf 85' lang='lat' dir='ltr'>C</span> <span class='ocrx_word' id='word_1_96' title='bbox 593 598 627 618; x_wconf 84' lang='lat' dir='ltr'>ex</span> <span class='ocrx_word' id='word_1_97' title='bbox 661 589 724 627; x_wconf 85' lang='lat' dir='ltr'>ipso</span> <span class='ocrx_word' id='word_1_98' title='bbox 759 589 915 628; x_wconf 67' lang='lat' dir='ltr'>archetypo</span> <span class='ocrx_word' id='word_1_99' title='bbox 946 590 1124 628; x_wconf 74' lang='lat' dir='ltr'>descriptum</span> <span class='ocrx_word' id='word_1_100' title='bbox 1156 600 1188 620; x_wconf 83' lang='lat' dir='ltr'>ex</span> <span class='ocrx_word' id='word_1_101' title='bbox 1221 600 1322 620; x_wconf 90' lang='lat' dir='ltr'>eorum</span> <span class='ocrx_word' id='word_1_102' title='bbox 1348 600 1495 621; x_wconf 85' lang='lat' dir='ltr'>consensu</span> <span class='ocrx_word' id='word_1_103' title='bbox 1520 592 1633 621; x_wconf 89' lang='lat' dir='ltr'>restitui</span> <span class='ocrx_word' id='word_1_104' title='bbox 1658 602 1743 631; x_wconf 87' lang='lat' dir='ltr'>posse</span> <span class='ocrx_word' id='word_1_105' title='bbox 1767 592 1900 627; x_wconf 60' lang='lat' dir='ltr'>dixissen</span> 
     </span>
     <span class='ocr_line' id='line_1_11' title="bbox 204 645 1900 688; baseline 0.002 -14"><span class='ocrx_word' id='word_1_106' title='bbox 204 645 281 684; x_wconf 93' lang='lat' dir='ltr'>quod</span> <span class='ocrx_word' id='word_1_107' title='bbox 307 654 366 675; x_wconf 90' lang='lat' dir='ltr'>uon</span> <span class='ocrx_word' id='word_1_108' title='bbox 391 645 458 675; x_wconf 85' lang='lat' dir='ltr'>l&#39;ecit</span> <span class='ocrx_word' id='word_1_109' title='bbox 483 654 537 674; x_wconf 90' lang='lat' dir='ltr'>nec</span> <span class='ocrx_word' id='word_1_110' title='bbox 561 645 654 675; x_wconf 78' lang='lat' dir='ltr'>facere</span> <span class='ocrx_word' id='word_1_111' title='bbox 679 645 788 675; x_wconf 85' lang='lat' dir='ltr'>debuit.</span> <span class='ocrx_word' id='word_1_112' title='bbox 821 645 878 675; x_wconf 87' lang='lat' dir='ltr'>lam</span> <span class='ocrx_word' id='word_1_113' title='bbox 897 655 964 675; x_wconf 76' lang='lat' dir='ltr'>vero</span> <span class='ocrx_word' id='word_1_114' title='bbox 982 656 1047 675; x_wconf 78' lang='lat' dir='ltr'>care</span> <span class='ocrx_word' id='word_1_115' title='bbox 1071 652 1156 686; x_wconf 88' lang='lat' dir='ltr'>putes</span> <span class='ocrx_word' id='word_1_116' title='bbox 1180 648 1360 686; x_wconf 82' lang='lat' dir='ltr'>exploratum</span> <span class='ocrx_word' id='word_1_117' title='bbox 1387 652 1474 686; x_wconf 85' lang='lat' dir='ltr'>atque</span> <span class='ocrx_word' id='word_1_118' title='bbox 1499 653 1682 686; x_wconf 86' lang='lat' dir='ltr'>compertum</span> <span class='ocrx_word' id='word_1_119' title='bbox 1707 658 1771 678; x_wconf 88' lang='lat' dir='ltr'>esse</span> <span class='ocrx_word' id='word_1_120' title='bbox 1795 649 1900 688; x_wconf 82' lang='lat' dir='ltr'>scripta</span> 
     </span>
     <span class='ocr_line' id='line_1_12' title="bbox 204 701 1901 743; baseline 0.002 -12"><span class='ocrx_word' id='word_1_121' title='bbox 204 702 232 731; x_wconf 91' lang='lat' dir='ltr'>in</span> <span class='ocrx_word' id='word_1_122' title='bbox 257 701 356 731; x_wconf 87' lang='lat' dir='ltr'>codice</span> <span class='ocrx_word' id='word_1_123' title='bbox 379 701 589 733; x_wconf 71' lang='lat' dir='ltr'>Eboraceusi⁴l</span> <span class='ocrx_word' id='word_1_124' title='bbox 620 701 709 731; x_wconf 79' lang='lat' dir='ltr'>fuisse</span> <span class='ocrx_word' id='word_1_125' title='bbox 739 712 770 731; x_wconf 91' lang='lat' dir='ltr'>ea</span> <span class='ocrx_word' id='word_1_126' title='bbox 800 702 897 731; x_wconf 81' lang='lat' dir='ltr'>onmia</span> <span class='ocrx_word' id='word_1_127' title='bbox 926 712 1000 741; x_wconf 89' lang='lat' dir='ltr'>quae</span> <span class='ocrx_word' id='word_1_128' title='bbox 1029 714 1044 731; x_wconf 76' lang='lat' dir='ltr'>e</span> <span class='ocrx_word' id='word_1_129' title='bbox 1070 703 1249 733; x_wconf 88' lang='lat' dir='ltr'>Lachmanni</span> <span class='ocrx_word' id='word_1_130' title='bbox 1274 704 1315 732; x_wconf 81' lang='lat' dir='ltr'>vel</span> <span class='ocrx_word' id='word_1_131' title='bbox 1339 704 1454 733; x_wconf 83' lang='lat' dir='ltr'>silentio</span> <span class='ocrx_word' id='word_1_132' title='bbox 1479 705 1521 733; x_wconf 75' lang='lat' dir='ltr'>vel</span> <span class='ocrx_word' id='word_1_133' title='bbox 1545 705 1623 734; x_wconf 85' lang='lat' dir='ltr'>notis</span> <span class='ocrx_word' id='word_1_134' title='bbox 1647 705 1790 743; x_wconf 72' lang='lat' dir='ltr'>criticis⁵)</span> <span class='ocrx_word' id='word_1_135' title='bbox 1813 706 1842 734; x_wconf 91' lang='lat' dir='ltr'>in</span> <span class='ocrx_word' id='word_1_136' title='bbox 1867 714 1901 734; x_wconf 92' lang='lat' dir='ltr'>eo</span> 
     </span>
     <span class='ocr_line' id='line_1_13' title="bbox 205 758 1900 799; baseline 0.002 -12"><span class='ocrx_word' id='word_1_137' title='bbox 205 758 293 788; x_wconf 75' lang='lat' dir='ltr'>tuisse</span> <span class='ocrx_word' id='word_1_138' title='bbox 328 758 495 797; x_wconf 87' lang='lat' dir='ltr'>suspiceris.</span> <span class='ocrx_word' id='word_1_139' title='bbox 541 760 636 797; x_wconf 74' lang='lat' dir='ltr'>Atque</span> <span class='ocrx_word' id='word_1_140' title='bbox 667 768 700 787; x_wconf 84' lang='lat' dir='ltr'>ex</span> <span class='ocrx_word' id='word_1_141' title='bbox 731 759 766 788; x_wconf 91' lang='lat' dir='ltr'>iis</span> <span class='ocrx_word' id='word_1_142' title='bbox 797 768 871 798; x_wconf 92' lang='lat' dir='ltr'>quae</span> <span class='ocrx_word' id='word_1_143' title='bbox 898 758 1002 788; x_wconf 81' lang='lat' dir='ltr'>dubiae</span> <span class='ocrx_word' id='word_1_144' title='bbox 1032 768 1090 788; x_wconf 91' lang='lat' dir='ltr'>non</span> <span class='ocrx_word' id='word_1_145' title='bbox 1120 765 1191 789; x_wconf 88' lang='lat' dir='ltr'>sunt</span> <span class='ocrx_word' id='word_1_146' title='bbox 1213 760 1323 790; x_wconf 85' lang='lat' dir='ltr'>codicis</span> <span class='ocrx_word' id='word_1_147' title='bbox 1346 770 1361 799; x_wconf 77' lang='lat' dir='ltr'><strong>y</strong></span> <span class='ocrx_word' id='word_1_148' title='bbox 1385 760 1559 790; x_wconf 84' lang='lat' dir='ltr'>lectionibus</span> <span class='ocrx_word' id='word_1_149' title='bbox 1584 760 1617 789; x_wconf 93' lang='lat' dir='ltr'>ll.</span> <span class='ocrx_word' id='word_1_150' title='bbox 1635 760 1788 798; x_wconf 60' lang='lat' dir='ltr'>Magnusfi)</span> <span class='ocrx_word' id='word_1_151' title='bbox 1813 770 1900 790; x_wconf 87' lang='lat' dir='ltr'>unam</span> 
     </span>
     <span class='ocr_line' id='line_1_14' title="bbox 205 815 1901 856; baseline 0.002 -12"><span class='ocrx_word' id='word_1_152' title='bbox 205 824 268 844; x_wconf 90' lang='lat' dir='ltr'>eam</span> <span class='ocrx_word' id='word_1_153' title='bbox 292 824 356 844; x_wconf 88' lang='lat' dir='ltr'>esse</span> <span class='ocrx_word' id='word_1_154' title='bbox 379 815 494 850; x_wconf 82' lang='lat' dir='ltr'>iudicat,</span> <span class='ocrx_word' id='word_1_155' title='bbox 519 820 551 844; x_wconf 86' lang='lat' dir='ltr'>ut</span> <span class='ocrx_word' id='word_1_156' title='bbox 575 815 641 844; x_wconf 90' lang='lat' dir='ltr'>iude</span> <span class='ocrx_word' id='word_1_157' title='bbox 665 815 836 845; x_wconf 82' lang='lat' dir='ltr'>conficiatur</span> <span class='ocrx_word' id='word_1_158' title='bbox 859 815 988 845; x_wconf 83' lang='lat' dir='ltr'>codicem</span> <span class='ocrx_word' id='word_1_159' title='bbox 1015 816 1047 844; x_wconf 85' lang='lat' dir='ltr'>ad</span> <span class='ocrx_word' id='word_1_160' title='bbox 1074 816 1223 855; x_wconf 87' lang='lat' dir='ltr'>proprium</span> <span class='ocrx_word' id='word_1_161' title='bbox 1249 817 1396 855; x_wconf 67' lang='lat' dir='ltr'>archetypi</span> <span class='ocrx_word' id='word_1_162' title='bbox 1419 817 1606 856; x_wconf 78' lang='lat' dir='ltr'>apographon</span> <span class='ocrx_word' id='word_1_163' title='bbox 1623 817 1810 847; x_wconf 77' lang='lat' dir='ltr'>referendum</span> <span class='ocrx_word' id='word_1_164' title='bbox 1828 827 1901 851; x_wconf 81' lang='lat' dir='ltr'>esse,</span> 
     </span>
     <span class='ocr_line' id='line_1_15' title="bbox 204 871 1902 912; baseline 0.002 -12"><span class='ocrx_word' id='word_1_165' title='bbox 204 871 268 900; x_wconf 89' lang='lat' dir='ltr'>dico</span> <span class='ocrx_word' id='word_1_166' title='bbox 293 880 410 901; x_wconf 82' lang='lat' dir='ltr'>versum</span> <span class='ocrx_word' id='word_1_167' title='bbox 436 871 535 905; x_wconf 69' lang='lat'>13,4.</span> <span class='ocrx_word' id='word_1_168' title='bbox 582 871 637 901; x_wconf 87' lang='lat' dir='ltr'>Sed</span> <span class='ocrx_word' id='word_1_169' title='bbox 673 872 851 901; x_wconf 82' lang='lat' dir='ltr'>conferenda</span> <span class='ocrx_word' id='word_1_170' title='bbox 886 876 957 901; x_wconf 86' lang='lat' dir='ltr'>sunt</span> <span class='ocrx_word' id='word_1_171' title='bbox 991 882 1066 911; x_wconf 87' lang='lat' dir='ltr'>quae</span> <span class='ocrx_word' id='word_1_172' title='bbox 1101 872 1137 901; x_wconf 88' lang='lat' dir='ltr'>de</span> <span class='ocrx_word' id='word_1_173' title='bbox 1165 873 1299 902; x_wconf 87' lang='lat' dir='ltr'>codicum</span> <span class='ocrx_word' id='word_1_174' title='bbox 1328 873 1356 902; x_wconf 90' lang='lat' dir='ltr'>in</span> <span class='ocrx_word' id='word_1_175' title='bbox 1387 873 1441 902; x_wconf 90' lang='lat' dir='ltr'>hoc</span> <span class='ocrx_word' id='word_1_176' title='bbox 1469 873 1530 902; x_wconf 89' lang='lat' dir='ltr'>loco</span> <span class='ocrx_word' id='word_1_177' title='bbox 1554 873 1765 912; x_wconf 76' lang='lat' dir='ltr'>discrepantiae</span> <span class='ocrx_word' id='word_1_178' title='bbox 1789 874 1902 912; x_wconf 79' lang='lat' dir='ltr'>origine</span> 
     </span>
     <span class='ocr_line' id='line_1_16' title="bbox 205 927 1901 968; baseline 0.002 -12"><span class='ocrx_word' id='word_1_179' title='bbox 205 928 326 966; x_wconf 79' lang='lat' dir='ltr'>exposui</span> <span class='ocrx_word' id='word_1_180' title='bbox 351 928 380 957; x_wconf 94' lang='lat' dir='ltr'>in</span> <span class='ocrx_word' id='word_1_181' title='bbox 404 927 477 967; x_wconf 90' lang='lat' dir='ltr'>prol.</span> <span class='ocrx_word' id='word_1_182' title='bbox 501 937 548 966; x_wconf 83' lang='lat' dir='ltr'>pg.</span> <span class='ocrx_word' id='word_1_183' title='bbox 567 927 621 964; x_wconf 74' lang='lat'>733</span> <span class='ocrx_word' id='word_1_184' title='bbox 645 933 794 967; x_wconf 86' lang='lat' dir='ltr'>praeterea</span> <span class='ocrx_word' id='word_1_185' title='bbox 819 937 924 958; x_wconf 78' lang='lat' dir='ltr'>moneo</span> <span class='ocrx_word' id='word_1_186' title='bbox 949 929 1071 958; x_wconf 85' lang='lat' dir='ltr'>eandem</span> <span class='ocrx_word' id='word_1_187' title='bbox 1095 933 1181 967; x_wconf 87' lang='lat' dir='ltr'>atque</span> <span class='ocrx_word' id='word_1_188' title='bbox 1207 930 1234 959; x_wconf 89' lang='lat' dir='ltr'>in</span> <span class='ocrx_word' id='word_1_189' title='bbox 1260 929 1356 959; x_wconf 89' lang='lat' dir='ltr'>codice</span> <span class='ocrx_word' id='word_1_190' title='bbox 1380 939 1395 968; x_wconf 83' lang='lat' dir='ltr'>y</span> <span class='ocrx_word' id='word_1_191' title='bbox 1419 930 1576 959; x_wconf 85' lang='lat' dir='ltr'>lectionem</span> <span class='ocrx_word' id='word_1_192' title='bbox 1605 930 1728 959; x_wconf 80' lang='lat' dir='ltr'>inveniri</span> <span class='ocrx_word' id='word_1_193' title='bbox 1753 930 1781 959; x_wconf 89' lang='lat' dir='ltr'>in</span> <span class='ocrx_word' id='word_1_194' title='bbox 1806 930 1901 967; x_wconf 76' lang='lat' dir='ltr'>aliis⁷)</span> 
     </span>
     <span class='ocr_line' id='line_1_17' title="bbox 205 983 1902 1026; baseline 0.001 -12"><span class='ocrx_word' id='word_1_195' title='bbox 205 983 363 1017; x_wconf 79' lang='lat' dir='ltr'>codicibus,</span> <span class='ocrx_word' id='word_1_196' title='bbox 395 993 469 1023; x_wconf 93' lang='lat' dir='ltr'>quos</span> <span class='ocrx_word' id='word_1_197' title='bbox 493 993 597 1014; x_wconf 91' lang='lat' dir='ltr'>omnes</span> <span class='ocrx_word' id='word_1_198' title='bbox 622 994 653 1013; x_wconf 81' lang='lat' dir='ltr'>ex</span> <span class='ocrx_word' id='word_1_199' title='bbox 680 985 857 1014; x_wconf 87' lang='lat' dir='ltr'>Eboracensi</span> <span class='ocrx_word' id='word_1_200' title='bbox 881 985 981 1014; x_wconf 88' lang='lat' dir='ltr'>codice</span> <span class='ocrx_word' id='word_1_201' title='bbox 1005 985 1123 1014; x_wconf 81' lang='lat' dir='ltr'>fluxisse</span> <span class='ocrx_word' id='word_1_202' title='bbox 1148 995 1206 1015; x_wconf 89' lang='lat' dir='ltr'>non</span> <span class='ocrx_word' id='word_1_203' title='bbox 1231 986 1313 1015; x_wconf 81' lang='lat' dir='ltr'>facile</span> <span class='ocrx_word' id='word_1_204' title='bbox 1337 986 1520 1015; x_wconf 80' lang='lat' dir='ltr'>crediderim.</span> <span class='ocrx_word' id='word_1_205' title='bbox 1567 986 1668 1025; x_wconf 86' lang='lat' dir='ltr'>ltaque</span> <span class='ocrx_word' id='word_1_206' title='bbox 1692 991 1723 1016; x_wconf 85' lang='lat' dir='ltr'>ut</span> <span class='ocrx_word' id='word_1_207' title='bbox 1747 987 1902 1026; x_wconf 88' lang='lat' dir='ltr'>aliquando</span> 
     </span>
     <span class='ocr_line' id='line_1_18' title="bbox 205 1040 1903 1082; baseline 0.002 -12"><span class='ocrx_word' id='word_1_208' title='bbox 205 1041 274 1080; x_wconf 89' lang='lat' dir='ltr'>quid</span> <span class='ocrx_word' id='word_1_209' title='bbox 309 1050 323 1070; x_wconf 91' lang='lat' dir='ltr'>e</span> <span class='ocrx_word' id='word_1_210' title='bbox 357 1041 454 1070; x_wconf 81' lang='lat' dir='ltr'>codice</span> <span class='ocrx_word' id='word_1_211' title='bbox 478 1050 493 1079; x_wconf 73' lang='lat' dir='ltr'>y</span> <span class='ocrx_word' id='word_1_212' title='bbox 525 1040 664 1070; x_wconf 88' lang='lat' dir='ltr'>traditum</span> <span class='ocrx_word' id='word_1_213' title='bbox 700 1041 736 1070; x_wconf 85' lang='lat' dir='ltr'>sit</span> <span class='ocrx_word' id='word_1_214' title='bbox 771 1041 969 1080; x_wconf 79' lang='lat' dir='ltr'>comperiatur</span> <span class='ocrx_word' id='word_1_215' title='bbox 1002 1045 1176 1080; x_wconf 87' lang='lat' dir='ltr'>certumque</span> <span class='ocrx_word' id='word_1_216' title='bbox 1210 1042 1244 1071; x_wconf 89' lang='lat' dir='ltr'>de</span> <span class='ocrx_word' id='word_1_217' title='bbox 1280 1052 1313 1071; x_wconf 91' lang='lat' dir='ltr'>eo</span> <span class='ocrx_word' id='word_1_218' title='bbox 1343 1042 1507 1072; x_wconf 82' lang='lat' dir='ltr'>adhibendo</span> <span class='ocrx_word' id='word_1_219' title='bbox 1536 1043 1676 1072; x_wconf 89' lang='lat' dir='ltr'>iudicium</span> <span class='ocrx_word' id='word_1_220' title='bbox 1709 1043 1770 1072; x_wconf 76' lang='lat' dir='ltr'>fieri</span> <span class='ocrx_word' id='word_1_221' title='bbox 1799 1044 1903 1082; x_wconf 83' lang='lat' dir='ltr'>possit,</span> 
     </span>
     <span class='ocr_line' id='line_1_19' title="bbox 204 1097 1903 1137; baseline 0.001 -10"><span class='ocrx_word' id='word_1_222' title='bbox 204 1097 374 1136; x_wconf 89' lang='lat' dir='ltr'>appendicis</span> <span class='ocrx_word' id='word_1_223' title='bbox 398 1097 461 1126; x_wconf 88' lang='lat' dir='ltr'>loco</span> <span class='ocrx_word' id='word_1_224' title='bbox 484 1097 646 1127; x_wconf 84' lang='lat' dir='ltr'>exscribam</span> <span class='ocrx_word' id='word_1_225' title='bbox 672 1106 706 1127; x_wconf 84' lang='lat' dir='ltr'>ex</span> <span class='ocrx_word' id='word_1_226' title='bbox 730 1097 793 1126; x_wconf 88' lang='lat' dir='ltr'>libri</span> <span class='ocrx_word' id='word_1_227' title='bbox 812 1098 840 1127; x_wconf 93' lang='lat' dir='ltr'>in</span> <span class='ocrx_word' id='word_1_228' title='bbox 858 1097 1032 1127; x_wconf 77' lang='lat' dir='ltr'>bibliotheca</span> <span class='ocrx_word' id='word_1_229' title='bbox 1050 1098 1126 1135; x_wconf 75' lang='lat' dir='ltr'>regia</span> <span class='ocrx_word' id='word_1_230' title='bbox 1144 1098 1325 1128; x_wconf 86' lang='lat' dir='ltr'>Berolinensi</span> <span class='ocrx_word' id='word_1_231' title='bbox 1342 1099 1478 1128; x_wconf 86' lang='lat' dir='ltr'>asservati</span> <span class='ocrx_word' id='word_1_232' title='bbox 1496 1098 1559 1135; x_wconf 66' lang='grc' dir='ltr'>(ΜΞ.</span> <span class='ocrx_word' id='word_1_233' title='bbox 1573 1099 1648 1129; x_wconf 89' lang='lat' dir='ltr'>Diez.</span> <span class='ocrx_word' id='word_1_234' title='bbox 1661 1099 1693 1128; x_wconf 89' lang='lat' dir='ltr'>B.</span> <span class='ocrx_word' id='word_1_235' title='bbox 1707 1099 1788 1129; x_wconf 89' lang='lat' dir='ltr'>Sant.</span> <span class='ocrx_word' id='word_1_236' title='bbox 1801 1100 1903 1137; x_wconf 82' lang='lat'>55.‹1.)</span> 
     </span>
     <span class='ocr_line' id='line_1_20' title="bbox 204 1153 1903 1195; baseline 0.001 -12"><span class='ocrx_word' id='word_1_237' title='bbox 204 1154 319 1184; x_wconf 88' lang='lat' dir='ltr'>schedis</span> <span class='ocrx_word' id='word_1_238' title='bbox 345 1153 467 1183; x_wconf 46' lang='lat'><strong>15‘24</strong></span> <span class='ocrx_word' id='word_1_239' title='bbox 501 1163 706 1192; x_wconf 89' lang='lat' dir='ltr'>quaecumque</span> <span class='ocrx_word' id='word_1_240' title='bbox 740 1154 775 1183; x_wconf 90' lang='lat' dir='ltr'>ad</span> <span class='ocrx_word' id='word_1_241' title='bbox 811 1154 890 1183; x_wconf 86' lang='lat' dir='ltr'>hunc</span> <span class='ocrx_word' id='word_1_242' title='bbox 923 1155 1054 1183; x_wconf 85' lang='lat' dir='ltr'>codicem</span> <span class='ocrx_word' id='word_1_243' title='bbox 1089 1155 1247 1193; x_wconf 81' lang='lat' dir='ltr'>pertinent.</span> <span class='ocrx_word' id='word_1_244' title='bbox 1294 1154 1377 1183; x_wconf 76' lang='lat' dir='ltr'>Notis</span> <span class='ocrx_word' id='word_1_245' title='bbox 1408 1164 1423 1184; x_wconf 89' lang='lat' dir='ltr'>e</span> <span class='ocrx_word' id='word_1_246' title='bbox 1452 1163 1588 1185; x_wconf 83' lang='lat' dir='ltr'>versuum</span> <span class='ocrx_word' id='word_1_247' title='bbox 1621 1155 1723 1185; x_wconf 89' lang='lat' dir='ltr'>ordine</span> <span class='ocrx_word' id='word_1_248' title='bbox 1754 1155 1903 1195; x_wconf 82' lang='lat' dir='ltr'>dispositis</span> 
     </span>
     <span class='ocr_line' id='line_1_21' title="bbox 206 1210 1553 1249; baseline 0.001 -9"><span class='ocrx_word' id='word_1_249' title='bbox 206 1219 345 1240; x_wconf 84' lang='lat' dir='ltr'>numeros</span> <span class='ocrx_word' id='word_1_250' title='bbox 370 1210 532 1240; x_wconf 84' lang='lat' dir='ltr'>adscribam</span> <span class='ocrx_word' id='word_1_251' title='bbox 557 1210 694 1240; x_wconf 82' lang='lat' dir='ltr'>editionis</span> <span class='ocrx_word' id='word_1_252' title='bbox 718 1210 898 1240; x_wconf 83' lang='lat' dir='ltr'>Hirzelianae</span> <span class='ocrx_word' id='word_1_253' title='bbox 922 1211 1040 1249; x_wconf 84' lang='lat' dir='ltr'>quintae</span> <span class='ocrx_word' id='word_1_254' title='bbox 1064 1210 1099 1240; x_wconf 88' lang='lat' dir='ltr'>ab</span> <span class='ocrx_word' id='word_1_255' title='bbox 1123 1210 1255 1241; x_wconf 76' lang='lat' dir='ltr'>[ohanne</span> <span class='ocrx_word' id='word_1_256' title='bbox 1276 1211 1401 1241; x_wconf 87' lang='lat' dir='ltr'>Vahleno</span> <span class='ocrx_word' id='word_1_257' title='bbox 1426 1216 1553 1241; x_wconf 87' lang='lat' dir='ltr'>curatae.</span> 
     </span>
    </p>
   </div>
   <div class='ocr_carea' id='block_1_4' title="bbox 621 1321 1488 1379">
    <p class='ocr_par' dir='ltr' id='par_1_4' title="bbox 621 1321 1488 1379">
     <span class='ocr_line' id='line_1_22' title="bbox 621 1321 1488 1379; baseline 0.002 -18"><span class='ocrx_word' id='word_1_258' title='bbox 621 1321 814 1362; x_wconf 81' lang='lat' dir='ltr'>Tibullus</span> <span class='ocrx_word' id='word_1_259' title='bbox 848 1322 1026 1362; x_wconf 77' lang='lat' dir='ltr'>collatus</span> <span class='ocrx_word' id='word_1_260' title='bbox 1059 1336 1152 1362; x_wconf 83' lang='lat' dir='ltr'>eum</span> <span class='ocrx_word' id='word_1_261' title='bbox 1186 1323 1488 1379; x_wconf 75' lang='lat' dir='ltr'>manuscriptis.</span> 
     </span>
    </p>
   </div>
   <div class='ocr_carea' id='block_1_5' title="bbox 239 1408 1903 1731">
    <p class='ocr_par' dir='ltr' id='par_1_5' title="bbox 239 1408 1903 1560">
     <span class='ocr_line' id='line_1_23' title="bbox 239 1408 1901 1451; baseline 0.002 -13"><span class='ocrx_word' id='word_1_262' title='bbox 239 1411 270 1438; x_wconf 86' lang='grc' dir='ltr'>Α.</span> <span class='ocrx_word' id='word_1_263' title='bbox 307 1409 405 1439; x_wconf 82' lang='lat' dir='ltr'>Codex</span> <span class='ocrx_word' id='word_1_264' title='bbox 439 1409 492 1439; x_wconf 84' lang='lat' dir='ltr'>Ms.</span> <span class='ocrx_word' id='word_1_265' title='bbox 523 1408 714 1439; x_wconf 84' lang='lat' dir='ltr'>Bibliothecae</span> <span class='ocrx_word' id='word_1_266' title='bbox 746 1409 917 1439; x_wconf 88' lang='lat' dir='ltr'>Bodleianae</span> <span class='ocrx_word' id='word_1_267' title='bbox 951 1419 986 1439; x_wconf 84' lang='lat' dir='ltr'>ex</span> <span class='ocrx_word' id='word_1_268' title='bbox 1023 1411 1101 1440; x_wconf 91' lang='lat' dir='ltr'>dono</span> <span class='ocrx_word' id='word_1_269' title='bbox 1132 1411 1348 1450; x_wconf 79' lang='lat' dir='ltr'>Arcbiepiscopi</span> <span class='ocrx_word' id='word_1_270' title='bbox 1385 1411 1616 1442; x_wconf 86' lang='lat' dir='ltr'>Cantuariensis.</span> <span class='ocrx_word' id='word_1_271' title='bbox 1662 1412 1734 1442; x_wconf 88' lang='lat' dir='ltr'>liber</span> <span class='ocrx_word' id='word_1_272' title='bbox 1768 1422 1901 1451; x_wconf 84' lang='lat' dir='ltr'>maguam</span> 
     </span>
     <span class='ocr_line' id='line_1_24' title="bbox 305 1465 1903 1508; baseline 0.003 -14"><span class='ocrx_word' id='word_1_273' title='bbox 305 1470 418 1505; x_wconf 85' lang='lat' dir='ltr'>partem</span> <span class='ocrx_word' id='word_1_274' title='bbox 444 1465 578 1500; x_wconf 89' lang='lat' dir='ltr'>mutilus,</span> <span class='ocrx_word' id='word_1_275' title='bbox 603 1466 631 1495; x_wconf 92' lang='lat' dir='ltr'>in</span> <span class='ocrx_word' id='word_1_276' title='bbox 657 1466 739 1496; x_wconf 90' lang='lat' dir='ltr'>cuius</span> <span class='ocrx_word' id='word_1_277' title='bbox 763 1466 820 1496; x_wconf 88' lang='lat' dir='ltr'>fine</span> <span class='ocrx_word' id='word_1_278' title='bbox 844 1466 914 1496; x_wconf 88' lang='lat' dir='ltr'>haec</span> <span class='ocrx_word' id='word_1_279' title='bbox 937 1467 1086 1505; x_wconf 84' lang='lat' dir='ltr'>leguntur:</span> <span class='ocrx_word' id='word_1_280' title='bbox 1116 1466 1175 1505; x_wconf 85' lang='lat' dir='ltr'>Ego</span> <span class='ocrx_word' id='word_1_281' title='bbox 1200 1467 1308 1497; x_wconf 80' lang='lat' dir='ltr'>Nicola.</span> <span class='ocrx_word' id='word_1_282' title='bbox 1333 1468 1368 1497; x_wconf 89' lang='lat' dir='ltr'>de</span> <span class='ocrx_word' id='word_1_283' title='bbox 1391 1467 1497 1498; x_wconf 86' lang='lat' dir='ltr'>Bandis</span> <span class='ocrx_word' id='word_1_284' title='bbox 1522 1468 1600 1498; x_wconf 87' lang='lat' dir='ltr'>huuc</span> <span class='ocrx_word' id='word_1_285' title='bbox 1624 1468 1770 1499; x_wconf 89' lang='lat' dir='ltr'>Tibullum</span> <span class='ocrx_word' id='word_1_286' title='bbox 1801 1469 1903 1508; x_wconf 85' lang='lat' dir='ltr'>scripsi</span> 
     </span>
     <span class='ocr_line' id='line_1_25' title="bbox 305 1522 678 1560; baseline -0.003 -8"><span class='ocrx_word' id='word_1_287' title='bbox 305 1532 406 1552; x_wconf 88' lang='lat' dir='ltr'>mense</span> <span class='ocrx_word' id='word_1_288' title='bbox 429 1523 561 1560; x_wconf 81' lang='lat' dir='ltr'>Augusti,</span> <span class='ocrx_word' id='word_1_289' title='bbox 591 1522 678 1552; x_wconf 80' lang='lat'>1460.</span> 
     </span>
    </p>

    <p class='ocr_par' dir='ltr' id='par_1_6' title="bbox 303 1578 1901 1731">
     <span class='ocr_line' id='line_1_26' title="bbox 305 1578 1901 1620; baseline 0.003 -12"><span class='ocrx_word' id='word_1_290' title='bbox 305 1578 403 1609; x_wconf 84' lang='lat' dir='ltr'>Codex</span> <span class='ocrx_word' id='word_1_291' title='bbox 427 1579 558 1608; x_wconf 90' lang='lat' dir='ltr'>eiusdem</span> <span class='ocrx_word' id='word_1_292' title='bbox 578 1578 780 1613; x_wconf 84' lang='lat' dir='ltr'>Bibliothecae,</span> <span class='ocrx_word' id='word_1_293' title='bbox 803 1588 835 1608; x_wconf 80' lang='lat' dir='ltr'>ex</span> <span class='ocrx_word' id='word_1_294' title='bbox 853 1579 931 1608; x_wconf 89' lang='lat' dir='ltr'>dono</span> <span class='ocrx_word' id='word_1_295' title='bbox 949 1579 1079 1609; x_wconf 86' lang='lat' dir='ltr'>eiusdem</span> <span class='ocrx_word' id='word_1_296' title='bbox 1097 1579 1325 1620; x_wconf 79' lang='lat' dir='ltr'>Archiepiscopi,</span> <span class='ocrx_word' id='word_1_297' title='bbox 1350 1581 1399 1619; x_wconf 90' lang='lat' dir='ltr'>qui</span> <span class='ocrx_word' id='word_1_298' title='bbox 1417 1580 1561 1611; x_wconf 88' lang='lat' dir='ltr'>Catullum</span> <span class='ocrx_word' id='word_1_299' title='bbox 1581 1581 1706 1611; x_wconf 86' lang='lat' dir='ltr'>hahebat</span> <span class='ocrx_word' id='word_1_300' title='bbox 1722 1582 1901 1612; x_wconf 88' lang='lat' dir='ltr'>adiunctum.</span> 
     </span>
     <span class='ocr_line' id='line_1_27' title="bbox 303 1635 1825 1677; baseline 0.003 -13"><span class='ocrx_word' id='word_1_301' title='bbox 303 1635 398 1665; x_wconf 84' lang='lat' dir='ltr'>Codex</span> <span class='ocrx_word' id='word_1_302' title='bbox 421 1635 638 1675; x_wconf 80' lang='lat' dir='ltr'>Archiepiscopi</span> <span class='ocrx_word' id='word_1_303' title='bbox 663 1635 864 1670; x_wconf 82' lang='lat' dir='ltr'>Eboracensis,</span> <span class='ocrx_word' id='word_1_304' title='bbox 891 1636 964 1665; x_wconf 81' lang='lat' dir='ltr'>circa</span> <span class='ocrx_word' id='word_1_305' title='bbox 990 1636 1082 1670; x_wconf 88' lang='lat' dir='ltr'>initia,</span> <span class='ocrx_word' id='word_1_306' title='bbox 1108 1642 1139 1665; x_wconf 93' lang='lat' dir='ltr'>ut</span> <span class='ocrx_word' id='word_1_307' title='bbox 1164 1636 1322 1672; x_wconf 80' lang='lat' dir='ltr'>videbatur,</span> <span class='ocrx_word' id='word_1_308' title='bbox 1347 1637 1417 1667; x_wconf 88' lang='lat' dir='ltr'>artis</span> <span class='ocrx_word' id='word_1_309' title='bbox 1441 1638 1665 1676; x_wconf 76' lang='lat' dir='ltr'>typographicae</span> <span class='ocrx_word' id='word_1_310' title='bbox 1688 1638 1825 1677; x_wconf 87' lang='lat' dir='ltr'>scriptus.</span> 
     </span>
     <span class='ocr_line' id='line_1_28' title="bbox 305 1691 1090 1731; baseline 0 -10"><span class='ocrx_word' id='word_1_311' title='bbox 305 1691 442 1722; x_wconf 84' lang='lat' dir='ltr'>Eiusdem</span> <span class='ocrx_word' id='word_1_312' title='bbox 468 1692 558 1721; x_wconf 82' lang='lat' dir='ltr'>codex</span> <span class='ocrx_word' id='word_1_313' title='bbox 585 1692 686 1721; x_wconf 89' lang='lat' dir='ltr'>eodem</span> <span class='ocrx_word' id='word_1_314' title='bbox 711 1693 771 1722; x_wconf 82' lang='lat' dir='ltr'>fere</span> <span class='ocrx_word' id='word_1_315' title='bbox 795 1696 929 1731; x_wconf 86' lang='lat' dir='ltr'>tempore</span> <span class='ocrx_word' id='word_1_316' title='bbox 953 1692 1090 1731; x_wconf 86' lang='lat' dir='ltr'>scriptus.</span> 
     </span>
    </p>
   </div>
   <div class='ocr_carea' id='block_1_6' title="bbox 236 1579 270 1778">
    <p class='ocr_par' dir='ltr' id='par_1_7' title="bbox 236 1579 270 1778">
     <span class='ocr_line' id='line_1_29' title="bbox 236 1579 270 1778; textangle 90"><span class='ocrx_word' id='word_1_317' title='bbox 236 1579 270 1778; x_wconf 47' lang='grc' dir='ltr'>,πηρασε</span> 
     </span>
    </p>
   </div>
   <div class='ocr_carea' id='block_1_7' title="bbox 304 1747 1902 1844">
    <p class='ocr_par' dir='ltr' id='par_1_8' title="bbox 304 1747 1902 1844">
     <span class='ocr_line' id='line_1_30' title="bbox 304 1747 1902 1790; baseline 0.003 -13"><span class='ocrx_word' id='word_1_318' title='bbox 304 1747 441 1778; x_wconf 87' lang='lat' dir='ltr'>Eiusdem</span> <span class='ocrx_word' id='word_1_319' title='bbox 466 1749 557 1778; x_wconf 80' lang='lat' dir='ltr'>codex</span> <span class='ocrx_word' id='word_1_320' title='bbox 581 1749 715 1778; x_wconf 89' lang='lat' dir='ltr'>omnium</span> <span class='ocrx_word' id='word_1_321' title='bbox 740 1758 812 1788; x_wconf 91' lang='lat' dir='ltr'>quos</span> <span class='ocrx_word' id='word_1_322' title='bbox 837 1748 894 1778; x_wconf 83' lang='lat' dir='ltr'>vidi</span> <span class='ocrx_word' id='word_1_323' title='bbox 919 1749 1137 1779; x_wconf 82' lang='lat' dir='ltr'>vetustissimus</span> <span class='ocrx_word' id='word_1_324' title='bbox 1161 1749 1269 1789; x_wconf 85' lang='lat' dir='ltr'>quippe</span> <span class='ocrx_word' id='word_1_325' title='bbox 1292 1750 1341 1789; x_wconf 89' lang='lat' dir='ltr'>qui</span> <span class='ocrx_word' id='word_1_326' title='bbox 1365 1758 1442 1780; x_wconf 92' lang='lat' dir='ltr'>anuo</span> <span class='ocrx_word' id='word_1_327' title='bbox 1470 1750 1549 1780; x_wconf 73' lang='lat'>1425</span> <span class='ocrx_word' id='word_1_328' title='bbox 1573 1751 1699 1790; x_wconf 86' lang='lat' dir='ltr'>scriptus</span> <span class='ocrx_word' id='word_1_329' title='bbox 1723 1756 1784 1781; x_wconf 90' lang='lat' dir='ltr'>erat</span> <span class='ocrx_word' id='word_1_330' title='bbox 1813 1756 1844 1781; x_wconf 89' lang='lat' dir='ltr'>ut</span> <span class='ocrx_word' id='word_1_331' title='bbox 1875 1751 1902 1781; x_wconf 92' lang='lat' dir='ltr'>in</span> 
     </span>
     <span class='ocr_line' id='line_1_31' title="bbox 304 1804 576 1844; baseline 0 -10"><span class='ocrx_word' id='word_1_332' title='bbox 304 1804 361 1835; x_wconf 82' lang='lat' dir='ltr'>tine</span> <span class='ocrx_word' id='word_1_333' title='bbox 384 1804 576 1844; x_wconf 59' lang='lat' dir='ltr'>legebaturss).</span> 
     </span>
    </p>
   </div>
   <div class='ocr_carea' id='block_1_8' title="bbox 203 1874 1902 1970">
    <p class='ocr_par' dir='ltr' id='par_1_9' title="bbox 203 1874 1902 1970">
     <span class='ocr_line' id='line_1_32' title="bbox 346 1874 1902 1917; baseline 0.002 -13"><span class='ocrx_word' id='word_1_334' title='bbox 346 1874 426 1904; x_wconf 83' lang='lat' dir='ltr'>Duos</span> <span class='ocrx_word' id='word_1_335' title='bbox 462 1875 576 1914; x_wconf 82' lang='lat' dir='ltr'>priores</span> <span class='ocrx_word' id='word_1_336' title='bbox 612 1875 727 1905; x_wconf 88' lang='lat' dir='ltr'>codices</span> <span class='ocrx_word' id='word_1_337' title='bbox 761 1883 829 1905; x_wconf 89' lang='lat' dir='ltr'>cum</span> <span class='ocrx_word' id='word_1_338' title='bbox 863 1875 1090 1914; x_wconf 82' lang='lat' dir='ltr'>Raphelingiaua</span> <span class='ocrx_word' id='word_1_339' title='bbox 1125 1875 1254 1906; x_wconf 88' lang='lat' dir='ltr'>editione</span> <span class='ocrx_word' id='word_1_340' title='bbox 1287 1876 1397 1906; x_wconf 90' lang='lat' dir='ltr'>contuli</span> <span class='ocrx_word' id='word_1_341' title='bbox 1431 1877 1460 1906; x_wconf 91' lang='lat' dir='ltr'>in</span> <span class='ocrx_word' id='word_1_342' title='bbox 1494 1877 1630 1916; x_wconf 86' lang='lat' dir='ltr'>vigesimo</span> <span class='ocrx_word' id='word_1_343' title='bbox 1661 1882 1777 1917; x_wconf 83' lang='lat' dir='ltr'>quarto.</span> <span class='ocrx_word' id='word_1_344' title='bbox 1829 1877 1902 1908; x_wconf 88' lang='lat' dir='ltr'>Tres</span> 
     </span>
     <span class='ocr_line' id='line_1_33' title="bbox 203 1931 919 1970; baseline 0.001 -10"><span class='ocrx_word' id='word_1_345' title='bbox 203 1931 381 1970; x_wconf 84' lang='lat' dir='ltr'>posteriores</span> <span class='ocrx_word' id='word_1_346' title='bbox 405 1940 471 1961; x_wconf 88' lang='lat' dir='ltr'>cum</span> <span class='ocrx_word' id='word_1_347' title='bbox 496 1931 598 1961; x_wconf 85' lang='lat' dir='ltr'>Aldina</span> <span class='ocrx_word' id='word_1_348' title='bbox 623 1931 726 1961; x_wconf 83' lang='lat' dir='ltr'>Mureti</span> <span class='ocrx_word' id='word_1_349' title='bbox 751 1931 919 1968; x_wconf 70' lang='lat' dir='ltr'>editione-⁰³).</span> 
     </span>
    </p>
   </div>
   <div class='ocr_carea' id='block_1_9' title="bbox 203 2037 1902 2543">
    <p class='ocr_par' dir='ltr' id='par_1_10' title="bbox 205 2037 1902 2112">
     <span class='ocr_line' id='line_1_34' title="bbox 348 2037 1902 2071; baseline 0.001 -10"><span class='ocrx_word' id='word_1_350' title='bbox 348 2038 369 2068; x_wconf 91' lang='lat'>¹)</span> <span class='ocrx_word' id='word_1_351' title='bbox 395 2037 463 2061; x_wconf 74' lang='lat' dir='ltr'>nane</span> <span class='ocrx_word' id='word_1_352' title='bbox 483 2037 644 2067; x_wconf 82' lang='lat' dir='ltr'>sententiam,</span> <span class='ocrx_word' id='word_1_353' title='bbox 664 2043 734 2067; x_wconf 86' lang='lat' dir='ltr'>quam</span> <span class='ocrx_word' id='word_1_354' title='bbox 754 2039 885 2068; x_wconf 82' lang='lat' dir='ltr'>praestare</span> <span class='ocrx_word' id='word_1_355' title='bbox 904 2037 963 2061; x_wconf 86' lang='lat' dir='ltr'>mihi</span> <span class='ocrx_word' id='word_1_356' title='bbox 984 2037 1113 2068; x_wconf 85' lang='lat' dir='ltr'>persuasi,</span> <span class='ocrx_word' id='word_1_357' title='bbox 1137 2038 1280 2062; x_wconf 81' lang='lat' dir='ltr'>accuratius</span> <span class='ocrx_word' id='word_1_358' title='bbox 1300 2038 1416 2069; x_wconf 85' lang='lat' dir='ltr'>persequi</span> <span class='ocrx_word' id='word_1_359' title='bbox 1436 2046 1500 2062; x_wconf 86' lang='lat' dir='ltr'>nuuc</span> <span class='ocrx_word' id='word_1_360' title='bbox 1519 2039 1618 2070; x_wconf 84' lang='lat' dir='ltr'>quidem</span> <span class='ocrx_word' id='word_1_361' title='bbox 1638 2039 1708 2071; x_wconf 81' lang='lat' dir='ltr'>piget</span> <span class='ocrx_word' id='word_1_362' title='bbox 1728 2046 1818 2071; x_wconf 84' lang='lat' dir='ltr'>neque,</span> <span class='ocrx_word' id='word_1_363' title='bbox 1846 2043 1902 2063; x_wconf 83' lang='lat' dir='ltr'>utra</span> 
     </span>
     <span class='ocr_line' id='line_1_35' title="bbox 205 2080 1135 2112; baseline 0.001 -9"><span class='ocrx_word' id='word_1_364' title='bbox 205 2080 333 2104; x_wconf 85' lang='lat' dir='ltr'>sententia</span> <span class='ocrx_word' id='word_1_365' title='bbox 355 2081 442 2105; x_wconf 88' lang='lat' dir='ltr'>verior</span> <span class='ocrx_word' id='word_1_366' title='bbox 460 2080 503 2111; x_wconf 83' lang='lat' dir='ltr'>sit,</span> <span class='ocrx_word' id='word_1_367' title='bbox 522 2081 552 2104; x_wconf 85' lang='lat' dir='ltr'>ad</span> <span class='ocrx_word' id='word_1_368' title='bbox 572 2084 661 2112; x_wconf 87' lang='lat' dir='ltr'>poetae</span> <span class='ocrx_word' id='word_1_369' title='bbox 681 2080 757 2104; x_wconf 85' lang='lat' dir='ltr'>verba</span> <span class='ocrx_word' id='word_1_370' title='bbox 778 2080 926 2112; x_wconf 82' lang='lat' dir='ltr'>reperienda</span> <span class='ocrx_word' id='word_1_371' title='bbox 947 2082 1028 2111; x_wconf 84' lang='lat' dir='ltr'>magni</span> <span class='ocrx_word' id='word_1_372' title='bbox 1049 2080 1135 2105; x_wconf 80' lang='lat' dir='ltr'>refert.</span> 
     </span>
    </p>

    <p class='ocr_par' dir='ltr' id='par_1_11' title="bbox 346 2122 1902 2156">
     <span class='ocr_line' id='line_1_36' title="bbox 346 2122 1902 2156; baseline 0.001 -9"><span class='ocrx_word' id='word_1_373' title='bbox 346 2122 368 2154; x_wconf 82' lang='lat'>²)</span> <span class='ocrx_word' id='word_1_374' title='bbox 396 2123 458 2148; x_wconf 86' lang='lat' dir='ltr'>Vide</span> <span class='ocrx_word' id='word_1_375' title='bbox 477 2131 539 2155; x_wconf 84' lang='lat' dir='ltr'>quae</span> <span class='ocrx_word' id='word_1_376' title='bbox 559 2124 662 2155; x_wconf 77' lang='lat' dir='ltr'>exposui</span> <span class='ocrx_word' id='word_1_377' title='bbox 682 2124 712 2147; x_wconf 91' lang='lat' dir='ltr'>de</span> <span class='ocrx_word' id='word_1_378' title='bbox 731 2123 848 2148; x_wconf 86' lang='lat' dir='ltr'>versibus</span> <span class='ocrx_word' id='word_1_379' title='bbox 862 2123 870 2148; x_wconf 90' lang='lat' dir='ltr'>l</span> <span class='ocrx_word' id='word_1_380' title='bbox 886 2126 906 2155; x_wconf 87' lang='lat'>1,</span> <span class='ocrx_word' id='word_1_381' title='bbox 919 2124 965 2155; x_wconf 74' lang='lat'>433</span> <span class='ocrx_word' id='word_1_382' title='bbox 986 2125 1009 2153; x_wconf 84' lang='lat'>3,</span> <span class='ocrx_word' id='word_1_383' title='bbox 1023 2125 1050 2154; x_wconf 70' lang='lat'>43</span> <span class='ocrx_word' id='word_1_384' title='bbox 1070 2124 1152 2155; x_wconf 71' lang='lat'>4,44;</span> <span class='ocrx_word' id='word_1_385' title='bbox 1172 2123 1229 2154; x_wconf 85' lang='lat'>111,</span> <span class='ocrx_word' id='word_1_386' title='bbox 1242 2124 1288 2155; x_wconf 74' lang='lat'>673</span> <span class='ocrx_word' id='word_1_387' title='bbox 1309 2125 1332 2154; x_wconf 84' lang='lat'>3,</span> <span class='ocrx_word' id='word_1_388' title='bbox 1345 2124 1390 2154; x_wconf 81' lang='grc'>61;</span> <span class='ocrx_word' id='word_1_389' title='bbox 1411 2125 1434 2155; x_wconf 75' lang='lat'>4,</span> <span class='ocrx_word' id='word_1_390' title='bbox 1449 2124 1580 2156; x_wconf 81' lang='lat'>2331112,</span> <span class='ocrx_word' id='word_1_391' title='bbox 1594 2126 1615 2149; x_wconf 86' lang='lat'>5.</span> <span class='ocrx_word' id='word_1_392' title='bbox 1631 2125 1902 2156; x_wconf 63' lang='lat' dir='ltr'>2⁴31v1,40.112³.</span> 
     </span>
    </p>

    <p class='ocr_par' dir='ltr' id='par_1_12' title="bbox 345 2166 1304 2199">
     <span class='ocr_line' id='line_1_37' title="bbox 345 2166 1304 2199; baseline 0 -8"><span class='ocrx_word' id='word_1_393' title='bbox 345 2167 366 2197; x_wconf 63' lang='grc'>8)</span> <span class='ocrx_word' id='word_1_394' title='bbox 394 2166 474 2192; x_wconf 63' lang='lat' dir='ltr'>verbi</span> <span class='ocrx_word' id='word_1_395' title='bbox 493 2167 577 2198; x_wconf 79' lang='lat' dir='ltr'>gratia</span> <span class='ocrx_word' id='word_1_396' title='bbox 597 2167 628 2191; x_wconf 89' lang='lat' dir='ltr'>cs.</span> <span class='ocrx_word' id='word_1_397' title='bbox 647 2174 710 2198; x_wconf 83' lang='lat' dir='ltr'>quae</span> <span class='ocrx_word' id='word_1_398' title='bbox 729 2175 804 2199; x_wconf 85' lang='lat' dir='ltr'>supra</span> <span class='ocrx_word' id='word_1_399' title='bbox 823 2167 854 2192; x_wconf 87' lang='lat' dir='ltr'>de</span> <span class='ocrx_word' id='word_1_400' title='bbox 874 2167 960 2192; x_wconf 89' lang='lat' dir='ltr'>codice</span> <span class='ocrx_word' id='word_1_401' title='bbox 979 2176 992 2191; x_wconf 86' lang='lat' dir='ltr'>e</span> <span class='ocrx_word' id='word_1_402' title='bbox 1010 2168 1063 2191; x_wconf 84' lang='lat' dir='ltr'>dixi</span> <span class='ocrx_word' id='word_1_403' title='bbox 1083 2168 1133 2199; x_wconf 81' lang='lat' dir='ltr'>(pg.</span> <span class='ocrx_word' id='word_1_404' title='bbox 1147 2168 1179 2191; x_wconf 80' lang='lat'>20</span> <span class='ocrx_word' id='word_1_405' title='bbox 1197 2168 1254 2191; x_wconf 87' lang='lat' dir='ltr'>adn.</span> <span class='ocrx_word' id='word_1_406' title='bbox 1270 2167 1304 2197; x_wconf 76' lang='lat'>2).</span> 
     </span>
    </p>

    <p class='ocr_par' dir='ltr' id='par_1_13' title="bbox 347 2209 1533 2243">
     <span class='ocr_line' id='line_1_38' title="bbox 347 2209 1533 2243; baseline 0.002 -10"><span class='ocrx_word' id='word_1_407' title='bbox 347 2210 368 2240; x_wconf 65' lang='grc' dir='ltr'>ι)</span> <span class='ocrx_word' id='word_1_408' title='bbox 396 2210 441 2234; x_wconf 88' lang='lat' dir='ltr'>Cui</span> <span class='ocrx_word' id='word_1_409' title='bbox 460 2209 643 2234; x_wconf 83' lang='lat' dir='ltr'>Lachmanuum</span> <span class='ocrx_word' id='word_1_410' title='bbox 663 2210 760 2242; x_wconf 82' lang='lat' dir='ltr'>quidem</span> <span class='ocrx_word' id='word_1_411' title='bbox 781 2211 882 2235; x_wconf 83' lang='lat' dir='ltr'>nimiam</span> <span class='ocrx_word' id='word_1_412' title='bbox 900 2211 1079 2235; x_wconf 80' lang='lat' dir='ltr'>auctoritatem</span> <span class='ocrx_word' id='word_1_413' title='bbox 1099 2211 1221 2235; x_wconf 82' lang='lat' dir='ltr'>tribuisse</span> <span class='ocrx_word' id='word_1_414' title='bbox 1240 2211 1300 2235; x_wconf 88' lang='lat' dir='ltr'>mihi</span> <span class='ocrx_word' id='word_1_415' title='bbox 1321 2218 1467 2243; x_wconf 78' lang='lat' dir='ltr'>persuasum</span> <span class='ocrx_word' id='word_1_416' title='bbox 1486 2215 1533 2236; x_wconf 89' lang='lat' dir='ltr'>est.</span> 
     </span>
    </p>

    <p class='ocr_par' dir='ltr' id='par_1_14' title="bbox 345 2252 1555 2286">
     <span class='ocr_line' id='line_1_39' title="bbox 345 2252 1555 2286; baseline 0.002 -9"><span class='ocrx_word' id='word_1_417' title='bbox 345 2252 367 2283; x_wconf 83' lang='lat'>⁵)</span> <span class='ocrx_word' id='word_1_418' title='bbox 393 2252 461 2284; x_wconf 76' lang='lat' dir='ltr'>Ergo</span> <span class='ocrx_word' id='word_1_419' title='bbox 481 2261 511 2277; x_wconf 87' lang='lat' dir='ltr'>ne</span> <span class='ocrx_word' id='word_1_420' title='bbox 531 2260 559 2277; x_wconf 74' lang='lat' dir='ltr'>en</span> <span class='ocrx_word' id='word_1_421' title='bbox 577 2253 676 2285; x_wconf 84' lang='lat' dir='ltr'>quidem</span> <span class='ocrx_word' id='word_1_422' title='bbox 695 2261 756 2278; x_wconf 77' lang='lat' dir='ltr'>vera</span> <span class='ocrx_word' id='word_1_423' title='bbox 775 2257 833 2278; x_wconf 85' lang='lat' dir='ltr'>suut</span> <span class='ocrx_word' id='word_1_424' title='bbox 851 2262 913 2286; x_wconf 82' lang='lat' dir='ltr'>quae</span> <span class='ocrx_word' id='word_1_425' title='bbox 933 2255 948 2278; x_wconf 87' lang='lat' dir='ltr'>l.</span> <span class='ocrx_word' id='word_1_426' title='bbox 969 2262 1044 2286; x_wconf 86' lang='lat' dir='ltr'>supra</span> <span class='ocrx_word' id='word_1_427' title='bbox 1063 2254 1112 2286; x_wconf 66' lang='grc' dir='ltr'>(με.</span> <span class='ocrx_word' id='word_1_428' title='bbox 1128 2254 1142 2278; x_wconf 89' lang='grc'>3</span> <span class='ocrx_word' id='word_1_429' title='bbox 1161 2254 1216 2278; x_wconf 87' lang='lat' dir='ltr'>adu.</span> <span class='ocrx_word' id='word_1_430' title='bbox 1235 2255 1259 2285; x_wconf 88' lang='lat'>1)</span> <span class='ocrx_word' id='word_1_431' title='bbox 1278 2255 1294 2278; x_wconf 95' lang='lat' dir='ltr'>l.</span> <span class='ocrx_word' id='word_1_432' title='bbox 1314 2253 1342 2278; x_wconf 78' lang='lat' dir='ltr'>H.</span> <span class='ocrx_word' id='word_1_433' title='bbox 1357 2254 1461 2285; x_wconf 83' lang='lat' dir='ltr'>Magnus</span> <span class='ocrx_word' id='word_1_434' title='bbox 1481 2255 1555 2279; x_wconf 84' lang='lat' dir='ltr'>dixit.</span> 
     </span>
    </p>

    <p class='ocr_par' dir='ltr' id='par_1_15' title="bbox 345 2295 695 2328">
     <span class='ocr_line' id='line_1_40' title="bbox 345 2295 695 2328; baseline -0.003 -7"><span class='ocrx_word' id='word_1_435' title='bbox 345 2295 367 2326; x_wconf 72' lang='grc' dir='ltr'>ο)</span> <span class='ocrx_word' id='word_1_436' title='bbox 394 2304 416 2321; x_wconf 80' lang='lat' dir='ltr'>a.</span> <span class='ocrx_word' id='word_1_437' title='bbox 434 2296 495 2321; x_wconf 66' lang='lat'>1857</span> <span class='ocrx_word' id='word_1_438' title='bbox 516 2297 531 2320; x_wconf 93' lang='lat' dir='ltr'>l.</span> <span class='ocrx_word' id='word_1_439' title='bbox 548 2297 565 2320; x_wconf 93' lang='lat' dir='ltr'>l.</span> <span class='ocrx_word' id='word_1_440' title='bbox 583 2303 623 2328; x_wconf 69' lang='grc' dir='ltr'>μς.</span> <span class='ocrx_word' id='word_1_441' title='bbox 638 2296 695 2321; x_wconf 84' lang='grc'>331.</span> 
     </span>
    </p>

    <p class='ocr_par' dir='ltr' id='par_1_16' title="bbox 347 2338 1715 2374">
     <span class='ocr_line' id='line_1_41' title="bbox 347 2338 1715 2374; baseline 0.003 -12"><span class='ocrx_word' id='word_1_442' title='bbox 347 2338 368 2369; x_wconf 73' lang='lat'>³)</span> <span class='ocrx_word' id='word_1_443' title='bbox 394 2339 460 2363; x_wconf 89' lang='lat' dir='ltr'>Vide</span> <span class='ocrx_word' id='word_1_444' title='bbox 481 2339 687 2365; x_wconf 68' lang='lat' dir='ltr'>ttruukhusiauae</span> <span class='ocrx_word' id='word_1_445' title='bbox 706 2340 827 2365; x_wconf 80' lang='lat' dir='ltr'>editionis</span> <span class='ocrx_word' id='word_1_446' title='bbox 846 2348 884 2373; x_wconf 68' lang='grc' dir='ltr'>με.</span> <span class='ocrx_word' id='word_1_447' title='bbox 899 2340 948 2366; x_wconf 70' lang='lat'>412</span> <span class='ocrx_word' id='word_1_448' title='bbox 967 2345 993 2365; x_wconf 83' lang='lat' dir='ltr'>et</span> <span class='ocrx_word' id='word_1_449' title='bbox 1013 2340 1182 2365; x_wconf 85' lang='lat' dir='ltr'>bibliothecae</span> <span class='ocrx_word' id='word_1_450' title='bbox 1202 2340 1385 2366; x_wconf 79' lang='lat' dir='ltr'>Ambrosianae</span> <span class='ocrx_word' id='word_1_451' title='bbox 1404 2342 1458 2366; x_wconf 87' lang='lat' dir='ltr'>cod.</span> <span class='ocrx_word' id='word_1_452' title='bbox 1473 2342 1574 2366; x_wconf 87' lang='lat' dir='ltr'>membr.</span> <span class='ocrx_word' id='word_1_453' title='bbox 1590 2340 1652 2367; x_wconf 86' lang='lat' dir='ltr'>G10</span> <span class='ocrx_word' id='word_1_454' title='bbox 1663 2349 1715 2374; x_wconf 79' lang='lat' dir='ltr'>sup.</span> 
     </span>
    </p>

    <p class='ocr_par' dir='ltr' id='par_1_17' title="bbox 347 2381 873 2415">
     <span class='ocr_line' id='line_1_42' title="bbox 347 2381 873 2415; baseline 0.004 -9"><span class='ocrx_word' id='word_1_455' title='bbox 347 2381 368 2412; x_wconf 72' lang='grc' dir='ltr'>Β)</span> <span class='ocrx_word' id='word_1_456' title='bbox 395 2381 440 2407; x_wconf 79' lang='lat' dir='ltr'>Hic</span> <span class='ocrx_word' id='word_1_457' title='bbox 459 2386 498 2407; x_wconf 87' lang='lat' dir='ltr'>est</span> <span class='ocrx_word' id='word_1_458' title='bbox 517 2383 595 2407; x_wconf 80' lang='lat' dir='ltr'>codex</span> <span class='ocrx_word' id='word_1_459' title='bbox 616 2391 631 2415; x_wconf 80' lang='lat' dir='ltr'><strong>y</strong></span> <span class='ocrx_word' id='word_1_460' title='bbox 649 2382 813 2414; x_wconf 80' lang='lat' dir='ltr'>(Lachmanui</span> <span class='ocrx_word' id='word_1_461' title='bbox 832 2386 873 2415; x_wconf 77' lang='grc' dir='ltr'>Α).</span> 
     </span>
    </p>

    <p class='ocr_par' dir='ltr' id='par_1_18' title="bbox 203 2424 1902 2543">
     <span class='ocr_line' id='line_1_43' title="bbox 345 2424 1902 2459; baseline 0.002 -10"><span class='ocrx_word' id='word_1_462' title='bbox 345 2424 368 2455; x_wconf 83' lang='lat'>⁹)</span> <span class='ocrx_word' id='word_1_463' title='bbox 395 2425 462 2450; x_wconf 88' lang='lat' dir='ltr'>Unde</span> <span class='ocrx_word' id='word_1_464' title='bbox 487 2430 641 2459; x_wconf 82' lang='lat' dir='ltr'>compertum</span> <span class='ocrx_word' id='word_1_465' title='bbox 665 2427 782 2452; x_wconf 81' lang='lat' dir='ltr'>habuerit</span> <span class='ocrx_word' id='word_1_466' title='bbox 801 2428 972 2453; x_wconf 79' lang='lat' dir='ltr'>Lachmaunus</span> <span class='ocrx_word' id='word_1_467' title='bbox 996 2427 1106 2451; x_wconf 85' lang='lat' dir='ltr'>codicem</span> <span class='ocrx_word' id='word_1_468' title='bbox 1131 2428 1250 2452; x_wconf 80' lang='lat' dir='ltr'>collatum</span> <span class='ocrx_word' id='word_1_469' title='bbox 1273 2435 1328 2452; x_wconf 82' lang='lat' dir='ltr'>esse</span> <span class='ocrx_word' id='word_1_470' title='bbox 1351 2436 1406 2452; x_wconf 85' lang='lat' dir='ltr'>cuni</span> <span class='ocrx_word' id='word_1_471' title='bbox 1425 2428 1536 2452; x_wconf 86' lang='lat' dir='ltr'>editione</span> <span class='ocrx_word' id='word_1_472' title='bbox 1555 2436 1569 2452; x_wconf 79' lang='lat' dir='ltr'>a</span> <span class='ocrx_word' id='word_1_473' title='bbox 1588 2428 1687 2452; x_wconf 85' lang='lat' dir='ltr'>Mureto</span> <span class='ocrx_word' id='word_1_474' title='bbox 1706 2437 1727 2452; x_wconf 85' lang='lat' dir='ltr'>a.</span> <span class='ocrx_word' id='word_1_475' title='bbox 1745 2428 1806 2453; x_wconf 79' lang='lat'>1562</span> <span class='ocrx_word' id='word_1_476' title='bbox 1826 2429 1902 2457; x_wconf 85' lang='lat' dir='ltr'>(bunc</span> 
     </span>
     <span class='ocr_line' id='line_1_44' title="bbox 203 2470 1901 2503; baseline 0.002 -12"><span class='ocrx_word' id='word_1_477' title='bbox 203 2476 292 2492; x_wconf 70' lang='lat' dir='ltr'>anuum</span> <span class='ocrx_word' id='word_1_478' title='bbox 314 2475 400 2493; x_wconf 80' lang='lat' dir='ltr'>manus</span> <span class='ocrx_word' id='word_1_479' title='bbox 420 2470 597 2494; x_wconf 83' lang='lat' dir='ltr'>recentissima</span> <span class='ocrx_word' id='word_1_480' title='bbox 615 2470 676 2494; x_wconf 82' lang='lat' dir='ltr'>stilo</span> <span class='ocrx_word' id='word_1_481' title='bbox 696 2470 872 2502; x_wconf 78' lang='lat' dir='ltr'>plumbagineo</span> <span class='ocrx_word' id='word_1_482' title='bbox 890 2471 1038 2503; x_wconf 85' lang='lat' dir='ltr'>adscripsit)</span> <span class='ocrx_word' id='word_1_483' title='bbox 1058 2471 1148 2495; x_wconf 86' lang='lat' dir='ltr'>emissa</span> <span class='ocrx_word' id='word_1_484' title='bbox 1174 2471 1257 2503; x_wconf 84' lang='lat' dir='ltr'>potius</span> <span class='ocrx_word' id='word_1_485' title='bbox 1280 2478 1353 2503; x_wconf 71' lang='lat' dir='ltr'>quau:</span> <span class='ocrx_word' id='word_1_486' title='bbox 1376 2479 1429 2495; x_wconf 87' lang='lat' dir='ltr'>cum</span> <span class='ocrx_word' id='word_1_487' title='bbox 1455 2471 1587 2503; x_wconf 82' lang='lat' dir='ltr'>superiore</span> <span class='ocrx_word' id='word_1_488' title='bbox 1612 2471 1668 2496; x_wconf 79' lang='lat' dir='ltr'>anni</span> <span class='ocrx_word' id='word_1_489' title='bbox 1690 2472 1763 2501; x_wconf 78' lang='lat'>1558,</span> <span class='ocrx_word' id='word_1_490' title='bbox 1787 2472 1901 2503; x_wconf 86' lang='lat' dir='ltr'>equidem</span> 
     </span>
     <span class='ocr_line' id='line_1_45' title="bbox 204 2511 732 2543; baseline 0.002 -7"><span class='ocrx_word' id='word_1_491' title='bbox 204 2512 301 2543; x_wconf 82' lang='lat' dir='ltr'>ignoro.</span> <span class='ocrx_word' id='word_1_492' title='bbox 321 2525 354 2530; x_wconf 97' lang='lat'><strong>—</strong></span> <span class='ocrx_word' id='word_1_493' title='bbox 373 2511 398 2537; x_wconf 85' lang='lat' dir='ltr'>ln</span> <span class='ocrx_word' id='word_1_494' title='bbox 418 2512 435 2537; x_wconf 79' lang='lat' dir='ltr'>f.</span> <span class='ocrx_word' id='word_1_495' title='bbox 452 2513 480 2538; x_wconf 84' lang='lat'>16</span> <span class='ocrx_word' id='word_1_496' title='bbox 498 2516 537 2537; x_wconf 84' lang='lat' dir='ltr'>est</span> <span class='ocrx_word' id='word_1_497' title='bbox 557 2514 609 2538; x_wconf 82' lang='lat' dir='ltr'>vita</span> <span class='ocrx_word' id='word_1_498' title='bbox 628 2512 732 2538; x_wconf 86' lang='lat' dir='ltr'>Tibulli.</span> 
     </span>
    </p>
   </div>
  </div>
 </body>
</html>
