<?xml version="1.0" encoding="UTF-8"?>
<!DOCTYPE html PUBLIC "-//W3C//DTD XHTML 1.0 Transitional//EN"
    "http://www.w3.org/TR/xhtml1/DTD/xhtml1-transitional.dtd">
<html xmlns="http://www.w3.org/1999/xhtml" xml:lang="en" lang="en">
 <head>
  <title>
</title>
<meta http-equiv="Content-Type" content="text/html;charset=utf-8" />
  <meta name='ocr-system' content='tesseract 3.04.00' />
  <meta name='ocr-capabilities' content='ocr_page ocr_carea ocr_par ocr_line ocrx_word'/>
</head>
<body>
  <div class='ocr_page' id='page_1' title='image "./quaestionestibul00belluoft_0018.png"; bbox 0 0 2112 2634; ppageno 0'>
   <div class='ocr_carea' id='block_1_1' title="bbox 938 99 1155 128">
    <p class='ocr_par' dir='ltr' id='par_1_1' title="bbox 938 99 1155 128">
     <span class='ocr_line' id='line_1_1' title="bbox 938 99 1155 128; baseline -0.005 -8"><span class='ocrx_word' id='word_1_1' title='bbox 938 99 1155 128; x_wconf 77' lang='lat'>-16-</span> 
     </span>
    </p>
   </div>
   <div class='ocr_carea' id='block_1_2' title="bbox 415 186 1519 339">
    <p class='ocr_par' dir='ltr' id='par_1_2' title="bbox 415 186 1519 339">
     <span class='ocr_line' id='line_1_2' title="bbox 415 186 1367 226; baseline -0.002 -9"><span class='ocrx_word' id='word_1_2' title='bbox 415 188 462 217; x_wconf 93' lang='lat' dir='ltr'>llll</span> <span class='ocrx_word' id='word_1_3' title='bbox 484 189 508 222; x_wconf 75' lang='lat'>1,</span> <span class='ocrx_word' id='word_1_4' title='bbox 531 186 601 216; x_wconf 79' lang='lat'>112:</span> <span class='ocrx_word' id='word_1_5' title='bbox 648 193 727 216; x_wconf 75' lang='lat' dir='ltr'>terna</span> <span class='ocrx_word' id='word_1_6' title='bbox 754 187 848 216; x_wconf 87' lang='lat' dir='ltr'>minus</span> <span class='ocrx_word' id='word_1_7' title='bbox 873 187 966 226; x_wconf 79' lang='lat' dir='ltr'>Pyliae</span> <span class='ocrx_word' id='word_1_8' title='bbox 992 188 1114 216; x_wconf 88' lang='lat' dir='ltr'>miretur</span> <span class='ocrx_word' id='word_1_9' title='bbox 1137 187 1249 216; x_wconf 87' lang='lat' dir='ltr'>saccula</span> <span class='ocrx_word' id='word_1_10' title='bbox 1274 187 1367 216; x_wconf 71' lang='lat' dir='ltr'>famae</span> 
     </span>
     <span class='ocr_line' id='line_1_3' title="bbox 646 243 1519 282; baseline -0.001 -10"><span class='ocrx_word' id='word_1_11' title='bbox 646 252 770 282; x_wconf 80' lang='lat' dir='ltr'>uanique</span> <span class='ocrx_word' id='word_1_12' title='bbox 794 252 880 272; x_wconf 76' lang='lat' dir='ltr'>senex</span> <span class='ocrx_word' id='word_1_13' title='bbox 905 244 1006 281; x_wconf 80' lang='lat' dir='ltr'>longae</span> <span class='ocrx_word' id='word_1_14' title='bbox 1029 244 1140 282; x_wconf 77' lang='lat' dir='ltr'>peragit</span> <span class='ocrx_word' id='word_1_15' title='bbox 1164 244 1232 273; x_wconf 89' lang='lat' dir='ltr'>dum</span> <span class='ocrx_word' id='word_1_16' title='bbox 1256 243 1369 273; x_wconf 81' lang='lat' dir='ltr'>saecula</span> <span class='ocrx_word' id='word_1_17' title='bbox 1391 243 1519 281; x_wconf 76' lang='lat' dir='ltr'>s11mae¹)</span> 
     </span>
     <span class='ocr_line' id='line_1_4' title="bbox 646 299 1458 339; baseline -0.001 -11"><span class='ocrx_word' id='word_1_18' title='bbox 646 308 696 328; x_wconf 86' lang='lat' dir='ltr'>seu</span> <span class='ocrx_word' id='word_1_19' title='bbox 723 303 833 328; x_wconf 87' lang='lat' dir='ltr'>matura</span> <span class='ocrx_word' id='word_1_20' title='bbox 857 299 917 328; x_wconf 87' lang='lat' dir='ltr'>dies</span> <span class='ocrx_word' id='word_1_21' title='bbox 941 299 1055 329; x_wconf 84' lang='lat' dir='ltr'>celerem</span> <span class='ocrx_word' id='word_1_22' title='bbox 1080 304 1216 339; x_wconf 80' lang='lat' dir='ltr'>properat</span> <span class='ocrx_word' id='word_1_23' title='bbox 1240 299 1310 328; x_wconf 82' lang='lat' dir='ltr'>milii</span> <span class='ocrx_word' id='word_1_24' title='bbox 1335 303 1458 328; x_wconf 86' lang='lat' dir='ltr'>mortem</span> 
     </span>
    </p>
   </div>
   <div class='ocr_carea' id='block_1_3' title="bbox 568 300 587 384">
    <p class='ocr_par' dir='ltr' id='par_1_3' title="bbox 568 300 587 384">
     <span class='ocr_line' id='line_1_5' title="bbox 568 300 587 384; textangle 90"><span class='ocrx_word' id='word_1_25' title='bbox 568 300 587 384; x_wconf 66' lang='lat'>&lt;20¹</span> 
     </span>
    </p>
   </div>
   <div class='ocr_carea' id='block_1_4' title="bbox 481 300 600 389">
    <p class='ocr_par' dir='ltr' id='par_1_4' title="bbox 481 300 600 389">
     <span class='ocr_line' id='line_1_6' title="bbox 486 300 600 331; baseline -0.009 -2"><span class='ocrx_word' id='word_1_26' title='bbox 486 300 600 331; x_wconf 50' lang='lat'>1:20:</span> 
     </span>
     <span class='ocr_line' id='line_1_7' title="bbox 481 356 600 389; baseline 0.017 -7"><span class='ocrx_word' id='word_1_27' title='bbox 481 356 508 389; x_wconf 74' lang='grc' dir='ltr'>ἶ),</span> <span class='ocrx_word' id='word_1_28' title='bbox 550 357 600 384; x_wconf 87' lang='lat' dir='ltr'>l:</span> 
     </span>
    </p>
   </div>
   <div class='ocr_carea' id='block_1_5' title="bbox 648 354 1313 393">
    <p class='ocr_par' dir='ltr' id='par_1_5' title="bbox 648 354 1313 393">
     <span class='ocr_line' id='line_1_8' title="bbox 648 354 1313 393; baseline 0 -9"><span class='ocrx_word' id='word_1_29' title='bbox 648 355 724 384; x_wconf 89' lang='lat' dir='ltr'>nulla</span> <span class='ocrx_word' id='word_1_30' title='bbox 748 359 837 393; x_wconf 88' lang='lat' dir='ltr'>queat</span> <span class='ocrx_word' id='word_1_31' title='bbox 859 355 979 393; x_wconf 84' lang='lat' dir='ltr'>posthac</span> <span class='ocrx_word' id='word_1_32' title='bbox 1000 354 1051 384; x_wconf 78' lang='grc' dir='ltr'>Ιιᾶσ</span> <span class='ocrx_word' id='word_1_33' title='bbox 1074 355 1198 385; x_wconf 86' lang='lat' dir='ltr'>soluisse</span> <span class='ocrx_word' id='word_1_34' title='bbox 1221 355 1313 391; x_wconf 73' lang='lat' dir='ltr'>dies²)</span> 
     </span>
    </p>
   </div>
   <div class='ocr_carea' id='block_1_6' title="bbox 166 447 1893 936">
    <p class='ocr_par' dir='ltr' id='par_1_6' title="bbox 166 447 1893 936">
     <span class='ocr_line' id='line_1_9' title="bbox 346 447 1892 487; baseline -0.001 -9"><span class='ocrx_word' id='word_1_35' title='bbox 346 449 464 487; x_wconf 78' lang='lat' dir='ltr'>Reliqua</span> <span class='ocrx_word' id='word_1_36' title='bbox 493 458 567 487; x_wconf 82' lang='lat' dir='ltr'>quae</span> <span class='ocrx_word' id='word_1_37' title='bbox 596 449 624 477; x_wconf 93' lang='lat' dir='ltr'>in</span> <span class='ocrx_word' id='word_1_38' title='bbox 648 449 838 487; x_wconf 81' lang='lat' dir='ltr'>archetypum</span> <span class='ocrx_word' id='word_1_39' title='bbox 863 449 1046 487; x_wconf 88' lang='lat' dir='ltr'>irrepserunt</span> <span class='ocrx_word' id='word_1_40' title='bbox 1074 448 1115 477; x_wconf 91' lang='lat' dir='ltr'>vel</span> <span class='ocrx_word' id='word_1_41' title='bbox 1146 448 1247 477; x_wconf 85' lang='lat' dir='ltr'>menda</span> <span class='ocrx_word' id='word_1_42' title='bbox 1271 448 1312 477; x_wconf 85' lang='lat' dir='ltr'>vel</span> <span class='ocrx_word' id='word_1_43' title='bbox 1339 448 1403 477; x_wconf 82' lang='lat' dir='ltr'>vitia</span> <span class='ocrx_word' id='word_1_44' title='bbox 1433 448 1497 477; x_wconf 81' lang='lat' dir='ltr'>talia</span> <span class='ocrx_word' id='word_1_45' title='bbox 1530 452 1599 477; x_wconf 89' lang='lat' dir='ltr'>sunt</span> <span class='ocrx_word' id='word_1_46' title='bbox 1611 447 1649 483; x_wconf 74' lang='lat'>³),</span> <span class='ocrx_word' id='word_1_47' title='bbox 1680 448 1773 487; x_wconf 80' lang='lat' dir='ltr'>qualia</span> <span class='ocrx_word' id='word_1_48' title='bbox 1797 449 1892 477; x_wconf 83' lang='lat' dir='ltr'><strong>solent</strong></span> 
     </span>
     <span class='ocr_line' id='line_1_10' title="bbox 206 504 1893 543; baseline -0.001 -9"><span class='ocrx_word' id='word_1_49' title='bbox 206 516 277 535; x_wconf 75' lang='lat' dir='ltr'>csse.</span> <span class='ocrx_word' id='word_1_50' title='bbox 324 507 416 542; x_wconf 79' lang='lat' dir='ltr'>Atque</span> <span class='ocrx_word' id='word_1_51' title='bbox 445 514 529 543; x_wconf 86' lang='lat' dir='ltr'>quam</span> <span class='ocrx_word' id='word_1_52' title='bbox 560 510 636 533; x_wconf 83' lang='lat' dir='ltr'>certa</span> <span class='ocrx_word' id='word_1_53' title='bbox 664 504 784 534; x_wconf 83' lang='lat' dir='ltr'>consilia</span> <span class='ocrx_word' id='word_1_54' title='bbox 808 504 956 543; x_wconf 81' lang='lat' dir='ltr'>archetypi</span> <span class='ocrx_word' id='word_1_55' title='bbox 979 504 1115 533; x_wconf 84' lang='lat' dir='ltr'>librarius</span> <span class='ocrx_word' id='word_1_56' title='bbox 1140 509 1312 543; x_wconf 82' lang='lat' dir='ltr'>persecutus</span> <span class='ocrx_word' id='word_1_57' title='bbox 1335 504 1373 533; x_wconf 85' lang='lat' dir='ltr'>sit</span> <span class='ocrx_word' id='word_1_58' title='bbox 1395 504 1424 533; x_wconf 89' lang='lat' dir='ltr'>in</span> <span class='ocrx_word' id='word_1_59' title='bbox 1450 514 1481 533; x_wconf 86' lang='lat' dir='ltr'>ea</span> <span class='ocrx_word' id='word_1_60' title='bbox 1505 514 1580 543; x_wconf 86' lang='lat' dir='ltr'>quae</span> <span class='ocrx_word' id='word_1_61' title='bbox 1605 504 1680 533; x_wconf 86' lang='lat' dir='ltr'>illius</span> <span class='ocrx_word' id='word_1_62' title='bbox 1708 504 1821 543; x_wconf 85' lang='lat' dir='ltr'>propria</span> <span class='ocrx_word' id='word_1_63' title='bbox 1847 509 1893 533; x_wconf 90' lang='lat' dir='ltr'>est</span> 
     </span>
     <span class='ocr_line' id='line_1_11' title="bbox 206 560 1891 599; baseline -0.001 -9"><span class='ocrx_word' id='word_1_64' title='bbox 206 570 342 591; x_wconf 80' lang='lat' dir='ltr'>versuum</span> <span class='ocrx_word' id='word_1_65' title='bbox 365 560 641 599; x_wconf 72' lang='lat' dir='ltr'>complendorum4)</span> <span class='ocrx_word' id='word_1_66' title='bbox 667 565 708 594; x_wconf 85' lang='lat' dir='ltr'>et,</span> <span class='ocrx_word' id='word_1_67' title='bbox 742 565 773 589; x_wconf 85' lang='lat' dir='ltr'>ut</span> <span class='ocrx_word' id='word_1_68' title='bbox 796 560 835 589; x_wconf 93' lang='lat' dir='ltr'>illi</span> <span class='ocrx_word' id='word_1_69' title='bbox 860 560 951 589; x_wconf 86' lang='lat' dir='ltr'>visum</span> <span class='ocrx_word' id='word_1_70' title='bbox 977 565 1032 594; x_wconf 78' lang='lat' dir='ltr'>est,</span> <span class='ocrx_word' id='word_1_71' title='bbox 1064 560 1316 589; x_wconf 84' lang='lat' dir='ltr'>emendandorum</span> <span class='ocrx_word' id='word_1_72' title='bbox 1341 560 1469 593; x_wconf 82' lang='lat' dir='ltr'>rationo,</span> <span class='ocrx_word' id='word_1_73' title='bbox 1499 569 1533 589; x_wconf 90' lang='lat' dir='ltr'>ex</span> <span class='ocrx_word' id='word_1_74' title='bbox 1557 565 1715 599; x_wconf 88' lang='lat' dir='ltr'>conspectu</span> <span class='ocrx_word' id='word_1_75' title='bbox 1741 560 1891 599; x_wconf 87' lang='lat' dir='ltr'>proposito</span> 
     </span>
     <span class='ocr_line' id='line_1_12' title="bbox 204 616 1892 655; baseline 0.001 -11"><span class='ocrx_word' id='word_1_76' title='bbox 204 617 287 646; x_wconf 85' lang='lat' dir='ltr'>facile</span> <span class='ocrx_word' id='word_1_77' title='bbox 310 617 458 654; x_wconf 83' lang='lat' dir='ltr'>cognitum</span> <span class='ocrx_word' id='word_1_78' title='bbox 483 616 518 645; x_wconf 92' lang='lat' dir='ltr'>iri</span> <span class='ocrx_word' id='word_1_79' title='bbox 541 625 635 655; x_wconf 84' lang='lat' dir='ltr'>spero.</span> <span class='ocrx_word' id='word_1_80' title='bbox 683 617 780 655; x_wconf 82' lang='lat' dir='ltr'>ltaque</span> <span class='ocrx_word' id='word_1_81' title='bbox 804 616 901 654; x_wconf 82' lang='lat' dir='ltr'>regula</span> <span class='ocrx_word' id='word_1_82' title='bbox 926 616 1067 654; x_wconf 80' lang='lat' dir='ltr'>quaedam</span> <span class='ocrx_word' id='word_1_83' title='bbox 1093 617 1205 645; x_wconf 87' lang='lat' dir='ltr'>videtur</span> <span class='ocrx_word' id='word_1_84' title='bbox 1228 616 1346 645; x_wconf 86' lang='lat' dir='ltr'>inventa</span> <span class='ocrx_word' id='word_1_85' title='bbox 1371 626 1435 645; x_wconf 82' lang='lat' dir='ltr'>esse</span> <span class='ocrx_word' id='word_1_86' title='bbox 1460 625 1516 654; x_wconf 86' lang='lat' dir='ltr'>qua</span> <span class='ocrx_word' id='word_1_87' title='bbox 1541 616 1600 650; x_wconf 85' lang='lat' dir='ltr'>usi,</span> <span class='ocrx_word' id='word_1_88' title='bbox 1628 624 1699 645; x_wconf 89' lang='lat' dir='ltr'>num</span> <span class='ocrx_word' id='word_1_89' title='bbox 1727 625 1783 655; x_wconf 87' lang='lat' dir='ltr'>qua</span> <span class='ocrx_word' id='word_1_90' title='bbox 1807 616 1892 645; x_wconf 78' lang='lat' dir='ltr'>verba</span> 
     </span>
     <span class='ocr_line' id='line_1_13' title="bbox 205 672 1893 711; baseline -0.001 -9"><span class='ocrx_word' id='word_1_91' title='bbox 205 677 283 702; x_wconf 80' lang='lat' dir='ltr'>recte</span> <span class='ocrx_word' id='word_1_92' title='bbox 307 683 321 703; x_wconf 87' lang='lat' dir='ltr'>a</span> <span class='ocrx_word' id='word_1_93' title='bbox 345 673 451 702; x_wconf 87' lang='lat' dir='ltr'>criticis</span> <span class='ocrx_word' id='word_1_94' title='bbox 475 673 502 702; x_wconf 87' lang='lat' dir='ltr'>in</span> <span class='ocrx_word' id='word_1_95' title='bbox 527 672 760 710; x_wconf 82' lang='lat' dir='ltr'>interpolationis</span> <span class='ocrx_word' id='word_1_96' title='bbox 784 672 980 711; x_wconf 82' lang='lat' dir='ltr'>suspicionem</span> <span class='ocrx_word' id='word_1_97' title='bbox 1006 677 1155 707; x_wconf 70' lang='lat' dir='ltr'>vocentur,</span> <span class='ocrx_word' id='word_1_98' title='bbox 1180 677 1277 701; x_wconf 88' lang='lat' dir='ltr'>utrum</span> <span class='ocrx_word' id='word_1_99' title='bbox 1302 672 1419 701; x_wconf 85' lang='lat' dir='ltr'>lacunae</span> <span class='ocrx_word' id='word_1_100' title='bbox 1443 677 1521 701; x_wconf 89' lang='lat' dir='ltr'>recte</span> <span class='ocrx_word' id='word_1_101' title='bbox 1539 672 1893 710; x_wconf 79' lang='lat' dir='ltr'>statuantu1·⁵)versusve</span> 
     </span>
     <span class='ocr_line' id='line_1_14' title="bbox 205 728 1893 768; baseline -0.001 -9"><span class='ocrx_word' id='word_1_102' title='bbox 205 734 282 759; x_wconf 90' lang='lat' dir='ltr'>recte</span> <span class='ocrx_word' id='word_1_103' title='bbox 305 728 566 768; x_wconf 43' lang='lat' dir='ltr'>transponamur&amp;</span> <span class='ocrx_word' id='word_1_104' title='bbox 590 738 692 762; x_wconf 76' lang='lat' dir='ltr'>necne,</span> <span class='ocrx_word' id='word_1_105' title='bbox 716 729 875 758; x_wconf 85' lang='lat' dir='ltr'>diiudicare</span> <span class='ocrx_word' id='word_1_106' title='bbox 901 728 1056 767; x_wconf 89' lang='lat' dir='ltr'>possimus.</span> <span class='ocrx_word' id='word_1_107' title='bbox 1102 729 1287 758; x_wconf 82' lang='lat' dir='ltr'>Contrarium</span> <span class='ocrx_word' id='word_1_108' title='bbox 1313 737 1368 762; x_wconf 85' lang='lat' dir='ltr'>me,</span> <span class='ocrx_word' id='word_1_109' title='bbox 1391 728 1414 757; x_wconf 82' lang='lat' dir='ltr'>si</span> <span class='ocrx_word' id='word_1_110' title='bbox 1439 737 1539 757; x_wconf 84' lang='lat' dir='ltr'>verum</span> <span class='ocrx_word' id='word_1_111' title='bbox 1563 729 1750 762; x_wconf 81' lang='lat' dir='ltr'>invenissem,</span> <span class='ocrx_word' id='word_1_112' title='bbox 1774 737 1893 757; x_wconf 85' lang='lat' dir='ltr'>assecu-</span> 
     </span>
     <span class='ocr_line' id='line_1_15' title="bbox 205 784 1890 823; baseline -0.001 -9"><span class='ocrx_word' id='word_1_113' title='bbox 205 790 302 814; x_wconf 86' lang='lat' dir='ltr'>turum</span> <span class='ocrx_word' id='word_1_114' title='bbox 329 785 418 814; x_wconf 83' lang='lat' dir='ltr'>fuisse</span> <span class='ocrx_word' id='word_1_115' title='bbox 442 790 541 814; x_wconf 84' lang='lat' dir='ltr'>censet</span> <span class='ocrx_word' id='word_1_116' title='bbox 564 785 597 814; x_wconf 87' lang='lat' dir='ltr'>H.</span> <span class='ocrx_word' id='word_1_117' title='bbox 616 785 750 823; x_wconf 75' lang='lat' dir='ltr'>Magnu53</span> <span class='ocrx_word' id='word_1_118' title='bbox 774 785 821 823; x_wconf 88' lang='lat' dir='ltr'>qui</span> <span class='ocrx_word' id='word_1_119' title='bbox 846 794 911 814; x_wconf 88' lang='lat' dir='ltr'>cum</span> <span class='ocrx_word' id='word_1_120' title='bbox 938 794 1009 813; x_wconf 85' lang='lat' dir='ltr'>nova</span> <span class='ocrx_word' id='word_1_121' title='bbox 1034 788 1120 823; x_wconf 77' lang='lat' dir='ltr'>atque</span> <span class='ocrx_word' id='word_1_122' title='bbox 1143 785 1270 814; x_wconf 79' lang='lat' dir='ltr'>inaudita</span> <span class='ocrx_word' id='word_1_123' title='bbox 1295 789 1321 813; x_wconf 85' lang='lat' dir='ltr'>et</span> <span class='ocrx_word' id='word_1_124' title='bbox 1345 793 1428 823; x_wconf 83' lang='lat' dir='ltr'>quae,</span> <span class='ocrx_word' id='word_1_125' title='bbox 1454 793 1492 813; x_wconf 88' lang='lat' dir='ltr'>ne</span> <span class='ocrx_word' id='word_1_126' title='bbox 1516 784 1616 813; x_wconf 84' lang='lat' dir='ltr'>critice</span> <span class='ocrx_word' id='word_1_127' title='bbox 1640 784 1801 813; x_wconf 86' lang='lat' dir='ltr'>Tibulliana</span> <span class='ocrx_word' id='word_1_128' title='bbox 1826 793 1890 814; x_wconf 85' lang='lat' dir='ltr'>cor-</span> 
     </span>
     <span class='ocr_line' id='line_1_16' title="bbox 204 840 1892 880; baseline -0.001 -10"><span class='ocrx_word' id='word_1_129' title='bbox 204 846 283 874; x_wconf 82' lang='lat' dir='ltr'>ruat,</span> <span class='ocrx_word' id='word_1_130' title='bbox 313 850 407 880; x_wconf 87' lang='lat' dir='ltr'>neque</span> <span class='ocrx_word' id='word_1_131' title='bbox 431 841 555 870; x_wconf 83' lang='lat' dir='ltr'>debeant</span> <span class='ocrx_word' id='word_1_132' title='bbox 578 850 674 879; x_wconf 86' lang='lat' dir='ltr'>neque</span> <span class='ocrx_word' id='word_1_133' title='bbox 697 841 810 879; x_wconf 83' lang='lat' dir='ltr'>possint</span> <span class='ocrx_word' id='word_1_134' title='bbox 833 840 910 869; x_wconf 88' lang='lat' dir='ltr'>credi</span> <span class='ocrx_word' id='word_1_135' title='bbox 935 850 981 869; x_wconf 88' lang='lat' dir='ltr'>me</span> <span class='ocrx_word' id='word_1_136' title='bbox 1005 841 1160 879; x_wconf 89' lang='lat' dir='ltr'>protulisse</span> <span class='ocrx_word' id='word_1_137' title='bbox 1185 840 1314 878; x_wconf 81' lang='lat' dir='ltr'>faciat⁷),</span> <span class='ocrx_word' id='word_1_138' title='bbox 1346 841 1444 869; x_wconf 85' lang='lat' dir='ltr'>nescio</span> <span class='ocrx_word' id='word_1_139' title='bbox 1468 849 1504 869; x_wconf 86' lang='lat' dir='ltr'>an</span> <span class='ocrx_word' id='word_1_140' title='bbox 1530 840 1652 870; x_wconf 88' lang='lat' dir='ltr'>nimium</span> <span class='ocrx_word' id='word_1_141' title='bbox 1676 840 1802 869; x_wconf 82' lang='lat' dir='ltr'>libellulo</span> <span class='ocrx_word' id='word_1_142' title='bbox 1826 849 1892 869; x_wconf 91' lang='lat' dir='ltr'>meo</span> 
     </span>
     <span class='ocr_line' id='line_1_17' title="bbox 166 889 1890 936; baseline -0.001 -10"><span class='ocrx_word' id='word_1_143' title='bbox 166 919 168 921; x_wconf 86' lang='lat'>-</span> <span class='ocrx_word' id='word_1_144' title='bbox 205 897 348 927; x_wconf 87' lang='lat' dir='ltr'>tribuerit.</span> <span class='ocrx_word' id='word_1_145' title='bbox 383 897 409 926; x_wconf 88' lang='lat' dir='ltr'>ls</span> <span class='ocrx_word' id='word_1_146' title='bbox 425 897 513 935; x_wconf 84' lang='lat' dir='ltr'>igitur</span> <span class='ocrx_word' id='word_1_147' title='bbox 529 897 599 927; x_wconf 90' lang='lat' dir='ltr'>dicit</span> <span class='ocrx_word' id='word_1_148' title='bbox 615 897 673 936; x_wconf 82' lang='lat' dir='ltr'>(pg.</span> <span class='ocrx_word' id='word_1_149' title='bbox 692 897 797 934; x_wconf 74' lang='lat'>1547):</span> <span class='ocrx_word' id='word_1_150' title='bbox 823 896 944 926; x_wconf 84' lang='lat' dir='ltr'>‘Unsere</span> <span class='ocrx_word' id='word_1_151' title='bbox 968 905 1057 934; x_wconf 80' lang='lat' dir='ltr'>ganze</span> <span class='ocrx_word' id='word_1_152' title='bbox 1074 889 1294 934; x_wconf 71' lang='lat' dir='ltr'>Uber-lieternng</span> <span class='ocrx_word' id='word_1_153' title='bbox 1318 896 1416 925; x_wconf 81' lang='lat' dir='ltr'>wi’irde</span> <span class='ocrx_word' id='word_1_154' title='bbox 1440 896 1491 926; x_wconf 82' lang='lat' dir='ltr'>auf</span> <span class='ocrx_word' id='word_1_155' title='bbox 1510 896 1591 926; x_wconf 86' lang='lat' dir='ltr'>einer</span> <span class='ocrx_word' id='word_1_156' title='bbox 1607 896 1655 926; x_wconf 85' lang='lat' dir='ltr'>lls.</span> <span class='ocrx_word' id='word_1_157' title='bbox 1672 896 1776 930; x_wconf 72' lang='lat' dir='ltr'>ruhen,</span> <span class='ocrx_word' id='word_1_158' title='bbox 1800 896 1890 925; x_wconf 85' lang='lat' dir='ltr'>deren</span> 
     </span>
    </p>
   </div>
   <div class='ocr_carea' id='block_1_7' title="bbox 204 1026 1895 2523">
    <p class='ocr_par' dir='ltr' id='par_1_7' title="bbox 348 1026 1466 1060">
     <span class='ocr_line' id='line_1_18' title="bbox 348 1026 1466 1060; baseline -0.001 -8"><span class='ocrx_word' id='word_1_159' title='bbox 348 1028 365 1057; x_wconf 87' lang='grc'>1)</span> <span class='ocrx_word' id='word_1_160' title='bbox 395 1028 449 1052; x_wconf 85' lang='lat' dir='ltr'>vel:</span> <span class='ocrx_word' id='word_1_161' title='bbox 470 1035 578 1059; x_wconf 76' lang='lat' dir='ltr'>namque</span> <span class='ocrx_word' id='word_1_162' title='bbox 596 1036 673 1051; x_wconf 61' lang='lat' dir='ltr'>senex·</span> <span class='ocrx_word' id='word_1_163' title='bbox 691 1027 778 1058; x_wconf 73' lang='lat' dir='ltr'>longae</span> <span class='ocrx_word' id='word_1_164' title='bbox 795 1029 896 1060; x_wconf 64' lang='lat' dir='ltr'>peraget</span> <span class='ocrx_word' id='word_1_165' title='bbox 913 1026 974 1051; x_wconf 78' lang='lat' dir='ltr'>dum</span> <span class='ocrx_word' id='word_1_166' title='bbox 994 1026 1096 1051; x_wconf 82' lang='lat' dir='ltr'>saecula</span> <span class='ocrx_word' id='word_1_167' title='bbox 1112 1028 1201 1058; x_wconf 80' lang='lat' dir='ltr'>samue</span> <span class='ocrx_word' id='word_1_168' title='bbox 1220 1027 1260 1058; x_wconf 83' lang='lat' dir='ltr'>(cf.</span> <span class='ocrx_word' id='word_1_169' title='bbox 1280 1028 1342 1060; x_wconf 86' lang='lat' dir='ltr'>prol.</span> <span class='ocrx_word' id='word_1_170' title='bbox 1364 1036 1400 1059; x_wconf 76' lang='lat' dir='ltr'>pg.</span> <span class='ocrx_word' id='word_1_171' title='bbox 1417 1028 1466 1057; x_wconf 78' lang='lat'><strong>73).</strong></span> 
     </span>
    </p>

    <p class='ocr_par' dir='ltr' id='par_1_8' title="bbox 348 1069 1890 1102">
     <span class='ocr_line' id='line_1_19' title="bbox 348 1069 1890 1102; baseline -0.001 -7"><span class='ocrx_word' id='word_1_172' title='bbox 348 1072 367 1100; x_wconf 66' lang='grc'>2)</span> <span class='ocrx_word' id='word_1_173' title='bbox 395 1071 454 1095; x_wconf 84' lang='lat' dir='ltr'>Item</span> <span class='ocrx_word' id='word_1_174' title='bbox 474 1071 520 1094; x_wconf 87' lang='lat' dir='ltr'>huc</span> <span class='ocrx_word' id='word_1_175' title='bbox 541 1071 650 1102; x_wconf 82' lang='lat' dir='ltr'>pertinet</span> <span class='ocrx_word' id='word_1_176' title='bbox 670 1078 759 1094; x_wconf 75' lang='lat' dir='ltr'>versus</span> <span class='ocrx_word' id='word_1_177' title='bbox 777 1070 823 1099; x_wconf 73' lang='lat'>19,</span> <span class='ocrx_word' id='word_1_178' title='bbox 837 1071 869 1094; x_wconf 82' lang='lat'>40</span> <span class='ocrx_word' id='word_1_179' title='bbox 889 1070 933 1101; x_wconf 90' lang='lat' dir='ltr'>(sit</span> <span class='ocrx_word' id='word_1_180' title='bbox 953 1078 1042 1102; x_wconf 81' lang='lat' dir='ltr'>precor</span> <span class='ocrx_word' id='word_1_181' title='bbox 1061 1071 1173 1102; x_wconf 81' lang='lat' dir='ltr'>exemplo</span> <span class='ocrx_word' id='word_1_182' title='bbox 1193 1072 1225 1094; x_wconf 76' lang='lat' dir='ltr'>sit</span> <span class='ocrx_word' id='word_1_183' title='bbox 1244 1071 1309 1095; x_wconf 89' lang='lat' dir='ltr'>levis</span> <span class='ocrx_word' id='word_1_184' title='bbox 1329 1071 1374 1095; x_wconf 88' lang='lat' dir='ltr'>illa</span> <span class='ocrx_word' id='word_1_185' title='bbox 1393 1072 1457 1101; x_wconf 85' lang='lat' dir='ltr'>tuo),</span> <span class='ocrx_word' id='word_1_186' title='bbox 1481 1071 1510 1095; x_wconf 89' lang='lat' dir='ltr'>de</span> <span class='ocrx_word' id='word_1_187' title='bbox 1534 1079 1579 1102; x_wconf 89' lang='lat' dir='ltr'>qno</span> <span class='ocrx_word' id='word_1_188' title='bbox 1604 1069 1668 1095; x_wconf 78' lang='lat' dir='ltr'>infra</span> <span class='ocrx_word' id='word_1_189' title='bbox 1696 1070 1825 1094; x_wconf 85' lang='lat' dir='ltr'>dicendum</span> <span class='ocrx_word' id='word_1_190' title='bbox 1844 1073 1890 1094; x_wconf 90' lang='lat' dir='ltr'>est.</span> 
     </span>
    </p>

    <p class='ocr_par' dir='ltr' id='par_1_9' title="bbox 204 1113 1891 1189">
     <span class='ocr_line' id='line_1_20' title="bbox 346 1113 1891 1146; baseline -0.001 -8"><span class='ocrx_word' id='word_1_191' title='bbox 346 1115 364 1145; x_wconf 74' lang='grc'>3)</span> <span class='ocrx_word' id='word_1_192' title='bbox 393 1114 461 1146; x_wconf 76' lang='lat' dir='ltr'>Quae</span> <span class='ocrx_word' id='word_1_193' title='bbox 482 1114 584 1144; x_wconf 72' lang='lat' dir='ltr'>Magnus</span> <span class='ocrx_word' id='word_1_194' title='bbox 604 1114 666 1138; x_wconf 86' lang='lat' dir='ltr'>dicit</span> <span class='ocrx_word' id='word_1_195' title='bbox 686 1114 836 1145; x_wconf 71' lang='lat' dir='ltr'>(pg.1547):</span> <span class='ocrx_word' id='word_1_196' title='bbox 860 1114 898 1137; x_wconf 89' lang='lat' dir='ltr'>‘an</span> <span class='ocrx_word' id='word_1_197' title='bbox 917 1113 962 1137; x_wconf 85' lang='lat' dir='ltr'>den</span> <span class='ocrx_word' id='word_1_198' title='bbox 985 1113 1204 1137; x_wconf 75' lang='lat' dir='ltr'>vecschiedensten</span> <span class='ocrx_word' id='word_1_199' title='bbox 1223 1114 1318 1138; x_wconf 87' lang='lat' dir='ltr'>Stelleu</span> <span class='ocrx_word' id='word_1_200' title='bbox 1339 1114 1518 1146; x_wconf 88' lang='lat' dir='ltr'>interpolierte</span> <span class='ocrx_word' id='word_1_201' title='bbox 1539 1122 1566 1138; x_wconf 87' lang='lat' dir='ltr'>er</span> <span class='ocrx_word' id='word_1_202' title='bbox 1585 1121 1629 1138; x_wconf 82' lang='lat' dir='ltr'>aus</span> <span class='ocrx_word' id='word_1_203' title='bbox 1648 1113 1693 1138; x_wconf 89' lang='lat' dir='ltr'>den</span> <span class='ocrx_word' id='word_1_204' title='bbox 1714 1113 1891 1138; x_wconf 80' lang='lat' dir='ltr'>verschieden-</span> 
     </span>
     <span class='ocr_line' id='line_1_21' title="bbox 204 1156 1544 1189; baseline -0.001 -7"><span class='ocrx_word' id='word_1_205' title='bbox 204 1162 257 1182; x_wconf 88' lang='lat' dir='ltr'>sten</span> <span class='ocrx_word' id='word_1_206' title='bbox 278 1158 395 1183; x_wconf 85' lang='lat' dir='ltr'>Griinden</span> <span class='ocrx_word' id='word_1_207' title='bbox 415 1171 446 1174; x_wconf 85' lang='lat'>—-</span> <span class='ocrx_word' id='word_1_208' title='bbox 468 1157 630 1188; x_wconf 80' lang='lat' dir='ltr'>Buchstaben‚</span> <span class='ocrx_word' id='word_1_209' title='bbox 649 1156 762 1187; x_wconf 80' lang='lat' dir='ltr'>Wiirter‚</span> <span class='ocrx_word' id='word_1_210' title='bbox 779 1156 806 1187; x_wconf 86' lang='lat' dir='ltr'>ja</span> <span class='ocrx_word' id='word_1_211' title='bbox 824 1164 901 1186; x_wconf 78' lang='lat' dir='ltr'>ganzo</span> <span class='ocrx_word' id='word_1_212' title='bbox 916 1156 1062 1186; x_wconf 50' lang='lat' dir='ltr'>Vei-stede,</span> <span class='ocrx_word' id='word_1_213' title='bbox 1080 1157 1252 1188; x_wconf 86' lang='lat' dir='ltr'>superlatione</span> <span class='ocrx_word' id='word_1_214' title='bbox 1271 1157 1373 1189; x_wconf 79' lang='lat' dir='ltr'>quadam</span> <span class='ocrx_word' id='word_1_215' title='bbox 1395 1157 1544 1181; x_wconf 81' lang='lat' dir='ltr'>claudicant.</span> 
     </span>
    </p>

    <p class='ocr_par' dir='ltr' id='par_1_10' title="bbox 205 1199 1895 1966">
     <span class='ocr_line' id='line_1_22' title="bbox 346 1199 1892 1232; baseline -0.001 -8"><span class='ocrx_word' id='word_1_216' title='bbox 346 1200 366 1232; x_wconf 84' lang='lat'>⁴)</span> <span class='ocrx_word' id='word_1_217' title='bbox 395 1200 551 1230; x_wconf 79' lang='lat' dir='ltr'>Librarium,</span> <span class='ocrx_word' id='word_1_218' title='bbox 582 1208 611 1224; x_wconf 91' lang='lat' dir='ltr'>ne</span> <span class='ocrx_word' id='word_1_219' title='bbox 639 1208 749 1224; x_wconf 84' lang='lat' dir='ltr'>mancum</span> <span class='ocrx_word' id='word_1_220' title='bbox 777 1199 868 1223; x_wconf 87' lang='lat' dir='ltr'>librum</span> <span class='ocrx_word' id='word_1_221' title='bbox 897 1200 1017 1223; x_wconf 74' lang='lat' dir='ltr'>exhibere</span> <span class='ocrx_word' id='word_1_222' title='bbox 1041 1200 1186 1230; x_wconf 79' lang='lat' dir='ltr'>videretur,</span> <span class='ocrx_word' id='word_1_223' title='bbox 1214 1207 1292 1232; x_wconf 85' lang='lat' dir='ltr'>neque</span> <span class='ocrx_word' id='word_1_224' title='bbox 1315 1201 1382 1224; x_wconf 86' lang='lat' dir='ltr'>inter</span> <span class='ocrx_word' id='word_1_225' title='bbox 1402 1208 1492 1224; x_wconf 87' lang='lat' dir='ltr'>versus</span> <span class='ocrx_word' id='word_1_226' title='bbox 1513 1208 1589 1231; x_wconf 87' lang='lat' dir='ltr'>neque</span> <span class='ocrx_word' id='word_1_227' title='bbox 1609 1200 1633 1224; x_wconf 89' lang='lat' dir='ltr'>in</span> <span class='ocrx_word' id='word_1_228' title='bbox 1655 1200 1770 1224; x_wconf 83' lang='lat' dir='ltr'>versibus</span> <span class='ocrx_word' id='word_1_229' title='bbox 1790 1200 1892 1224; x_wconf 83' lang='lat' dir='ltr'>lacunas</span> 
     </span>
     <span class='ocr_line' id='line_1_23' title="bbox 205 1242 1892 1276; baseline -0.001 -8"><span class='ocrx_word' id='word_1_230' title='bbox 205 1244 326 1276; x_wconf 86' lang='lat' dir='ltr'>praebere</span> <span class='ocrx_word' id='word_1_231' title='bbox 345 1243 484 1276; x_wconf 81' lang='lat' dir='ltr'>oportebat.</span> <span class='ocrx_word' id='word_1_232' title='bbox 521 1243 604 1275; x_wconf 91' lang='lat' dir='ltr'>ltaque</span> <span class='ocrx_word' id='word_1_233' title='bbox 624 1243 704 1267; x_wconf 81' lang='lat' dir='ltr'>sicubi</span> <span class='ocrx_word' id='word_1_234' title='bbox 725 1243 859 1267; x_wconf 87' lang='lat' dir='ltr'>interierat</span> <span class='ocrx_word' id='word_1_235' title='bbox 879 1250 976 1273; x_wconf 78' lang='lat' dir='ltr'>versus,</span> <span class='ocrx_word' id='word_1_236' title='bbox 996 1242 1169 1266; x_wconf 84' lang='lat' dir='ltr'>deficientibus</span> <span class='ocrx_word' id='word_1_237' title='bbox 1189 1251 1251 1275; x_wconf 86' lang='lat' dir='ltr'>quae</span> <span class='ocrx_word' id='word_1_238' title='bbox 1270 1244 1294 1267; x_wconf 93' lang='lat' dir='ltr'>in</span> <span class='ocrx_word' id='word_1_239' title='bbox 1315 1244 1472 1275; x_wconf 76' lang='lat' dir='ltr'>reperiendis</span> <span class='ocrx_word' id='word_1_240' title='bbox 1498 1247 1583 1275; x_wconf 84' lang='lat' dir='ltr'>poetae</span> <span class='ocrx_word' id='word_1_241' title='bbox 1604 1244 1688 1267; x_wconf 82' lang='lat' dir='ltr'>verbis</span> <span class='ocrx_word' id='word_1_242' title='bbox 1714 1244 1783 1275; x_wconf 90' lang='lat' dir='ltr'>sequi</span> <span class='ocrx_word' id='word_1_243' title='bbox 1809 1247 1892 1275; x_wconf 86' lang='lat' dir='ltr'>posset</span> 
     </span>
     <span class='ocr_line' id='line_1_24' title="bbox 206 1286 1892 1319; baseline -0.001 -7"><span class='ocrx_word' id='word_1_244' title='bbox 206 1288 324 1318; x_wconf 79' lang='lat' dir='ltr'>vestigiis</span> <span class='ocrx_word' id='word_1_245' title='bbox 344 1287 470 1319; x_wconf 78' lang='lat' dir='ltr'>proximos</span> <span class='ocrx_word' id='word_1_246' title='bbox 489 1294 578 1311; x_wconf 82' lang='lat' dir='ltr'>versus</span> <span class='ocrx_word' id='word_1_247' title='bbox 603 1287 684 1318; x_wconf 86' lang='lat' dir='ltr'>spatio</span> <span class='ocrx_word' id='word_1_248' title='bbox 710 1294 756 1310; x_wconf 89' lang='lat' dir='ltr'>non</span> <span class='ocrx_word' id='word_1_249' title='bbox 781 1287 924 1310; x_wconf 81' lang='lat' dir='ltr'>intermisso</span> <span class='ocrx_word' id='word_1_250' title='bbox 945 1286 1096 1316; x_wconf 70' lang='lat' dir='ltr'>coniungere</span> <span class='ocrx_word' id='word_1_251' title='bbox 1115 1294 1184 1317; x_wconf 85' lang='lat' dir='ltr'>qnam</span> <span class='ocrx_word' id='word_1_252' title='bbox 1205 1294 1248 1310; x_wconf 89' lang='lat' dir='ltr'>suo</span> <span class='ocrx_word' id='word_1_253' title='bbox 1269 1287 1351 1310; x_wconf 82' lang='lat' dir='ltr'>Marte</span> <span class='ocrx_word' id='word_1_254' title='bbox 1370 1287 1450 1311; x_wconf 87' lang='lat' dir='ltr'>totius</span> <span class='ocrx_word' id='word_1_255' title='bbox 1471 1294 1558 1310; x_wconf 82' lang='lat' dir='ltr'>versus</span> <span class='ocrx_word' id='word_1_256' title='bbox 1578 1287 1607 1310; x_wconf 89' lang='lat' dir='ltr'>de</span> <span class='ocrx_word' id='word_1_257' title='bbox 1627 1287 1724 1316; x_wconf 82' lang='lat' dir='ltr'>integro</span> <span class='ocrx_word' id='word_1_258' title='bbox 1744 1286 1892 1310; x_wconf 81' lang='lat' dir='ltr'>conficiendi</span> 
     </span>
     <span class='ocr_line' id='line_1_25' title="bbox 206 1330 1892 1363; baseline 0.001 -10"><span class='ocrx_word' id='word_1_259' title='bbox 206 1331 345 1363; x_wconf 87' lang='lat' dir='ltr'>periculum</span> <span class='ocrx_word' id='word_1_260' title='bbox 372 1330 456 1354; x_wconf 86' lang='lat' dir='ltr'>facere</span> <span class='ocrx_word' id='word_1_261' title='bbox 484 1330 586 1360; x_wconf 84' lang='lat' dir='ltr'>maluit;</span> <span class='ocrx_word' id='word_1_262' title='bbox 615 1337 700 1353; x_wconf 88' lang='lat' dir='ltr'>verum</span> <span class='ocrx_word' id='word_1_263' title='bbox 729 1330 751 1353; x_wconf 90' lang='lat' dir='ltr'>si</span> <span class='ocrx_word' id='word_1_264' title='bbox 777 1333 908 1354; x_wconf 86' lang='lat' dir='ltr'>truncatus</span> <span class='ocrx_word' id='word_1_265' title='bbox 933 1333 986 1353; x_wconf 86' lang='lat' dir='ltr'>erat</span> <span class='ocrx_word' id='word_1_266' title='bbox 1007 1337 1107 1358; x_wconf 73' lang='lat' dir='ltr'>versus,</span> <span class='ocrx_word' id='word_1_267' title='bbox 1137 1337 1196 1353; x_wconf 83' lang='lat' dir='ltr'>ansa</span> <span class='ocrx_word' id='word_1_268' title='bbox 1216 1330 1319 1361; x_wconf 87' lang='lat' dir='ltr'>quadam</span> <span class='ocrx_word' id='word_1_269' title='bbox 1337 1330 1367 1353; x_wconf 92' lang='lat' dir='ltr'>ad</span> <span class='ocrx_word' id='word_1_270' title='bbox 1387 1330 1544 1354; x_wconf 81' lang='lat' dir='ltr'>sarciendum</span> <span class='ocrx_word' id='word_1_271' title='bbox 1563 1330 1648 1353; x_wconf 90' lang='lat' dir='ltr'>oblata</span> <span class='ocrx_word' id='word_1_272' title='bbox 1668 1330 1770 1361; x_wconf 82' lang='lat' dir='ltr'>explere</span> <span class='ocrx_word' id='word_1_273' title='bbox 1791 1337 1892 1354; x_wconf 88' lang='lat' dir='ltr'>versum</span> 
     </span>
     <span class='ocr_line' id='line_1_26' title="bbox 206 1372 1891 1405; baseline -0.001 -8"><span class='ocrx_word' id='word_1_274' title='bbox 206 1374 293 1397; x_wconf 91' lang='lat' dir='ltr'>maluit</span> <span class='ocrx_word' id='word_1_275' title='bbox 318 1381 387 1404; x_wconf 87' lang='lat' dir='ltr'>quain</span> <span class='ocrx_word' id='word_1_276' title='bbox 412 1373 528 1404; x_wconf 86' lang='lat' dir='ltr'>reliqniis</span> <span class='ocrx_word' id='word_1_277' title='bbox 552 1373 606 1396; x_wconf 83' lang='lat' dir='ltr'>eius</span> <span class='ocrx_word' id='word_1_278' title='bbox 628 1372 735 1396; x_wconf 86' lang='lat' dir='ltr'>abiectis</span> <span class='ocrx_word' id='word_1_279' title='bbox 755 1380 825 1396; x_wconf 90' lang='lat' dir='ltr'>suum</span> <span class='ocrx_word' id='word_1_280' title='bbox 845 1373 985 1404; x_wconf 84' lang='lat' dir='ltr'>exemplum</span> <span class='ocrx_word' id='word_1_281' title='bbox 1005 1381 1034 1397; x_wconf 87' lang='lat' dir='ltr'>co</span> <span class='ocrx_word' id='word_1_282' title='bbox 1053 1381 1122 1405; x_wconf 87' lang='lat' dir='ltr'>quem</span> <span class='ocrx_word' id='word_1_283' title='bbox 1143 1372 1304 1397; x_wconf 80' lang='lat' dir='ltr'>describebat</span> <span class='ocrx_word' id='word_1_284' title='bbox 1323 1372 1389 1396; x_wconf 81' lang='lat' dir='ltr'>libro</span> <span class='ocrx_word' id='word_1_285' title='bbox 1409 1373 1488 1404; x_wconf 83' lang='lat' dir='ltr'>magis</span> <span class='ocrx_word' id='word_1_286' title='bbox 1508 1373 1582 1397; x_wconf 79' lang='lat' dir='ltr'>etiam</span> <span class='ocrx_word' id='word_1_287' title='bbox 1601 1373 1758 1397; x_wconf 86' lang='lat' dir='ltr'>decurtatum</span> <span class='ocrx_word' id='word_1_288' title='bbox 1777 1373 1891 1397; x_wconf 83' lang='lat' dir='ltr'>reddere.</span> 
     </span>
     <span class='ocr_line' id='line_1_27' title="bbox 206 1415 1892 1448; baseline -0.001 -7"><span class='ocrx_word' id='word_1_289' title='bbox 206 1418 273 1448; x_wconf 76' lang='lat' dir='ltr'>Quae</span> <span class='ocrx_word' id='word_1_290' title='bbox 293 1424 346 1440; x_wconf 84' lang='lat' dir='ltr'>cuin</span> <span class='ocrx_word' id='word_1_291' title='bbox 366 1417 401 1440; x_wconf 87' lang='lat' dir='ltr'>ita</span> <span class='ocrx_word' id='word_1_292' title='bbox 420 1417 479 1446; x_wconf 82' lang='lat' dir='ltr'>sint,</span> <span class='ocrx_word' id='word_1_293' title='bbox 499 1416 582 1439; x_wconf 88' lang='lat' dir='ltr'>nescio</span> <span class='ocrx_word' id='word_1_294' title='bbox 602 1424 631 1439; x_wconf 90' lang='lat' dir='ltr'>an</span> <span class='ocrx_word' id='word_1_295' title='bbox 652 1415 774 1439; x_wconf 87' lang='lat' dir='ltr'>immerito</span> <span class='ocrx_word' id='word_1_296' title='bbox 795 1416 978 1439; x_wconf 79' lang='lat' dir='ltr'>inconstantiae</span> <span class='ocrx_word' id='word_1_297' title='bbox 999 1417 1127 1440; x_wconf 85' lang='lat' dir='ltr'>cniusdam</span> <span class='ocrx_word' id='word_1_298' title='bbox 1147 1424 1200 1440; x_wconf 89' lang='lat' dir='ltr'>eum</span> <span class='ocrx_word' id='word_1_299' title='bbox 1220 1416 1349 1439; x_wconf 82' lang='lat' dir='ltr'>accusarit</span> <span class='ocrx_word' id='word_1_300' title='bbox 1368 1415 1394 1439; x_wconf 86' lang='lat' dir='ltr'>H.</span> <span class='ocrx_word' id='word_1_301' title='bbox 1410 1416 1513 1446; x_wconf 76' lang='lat' dir='ltr'>Magnus</span> <span class='ocrx_word' id='word_1_302' title='bbox 1534 1421 1582 1447; x_wconf 68' lang='lat' dir='ltr'>lpg.</span> <span class='ocrx_word' id='word_1_303' title='bbox 1596 1416 1677 1440; x_wconf 67' lang='lat'>15451.</span> <span class='ocrx_word' id='word_1_304' title='bbox 1714 1416 1776 1440; x_wconf 86' lang='lat' dir='ltr'>Mihi</span> <span class='ocrx_word' id='word_1_305' title='bbox 1795 1416 1892 1448; x_wconf 88' lang='lat' dir='ltr'>quidem</span> 
     </span>
     <span class='ocr_line' id='line_1_28' title="bbox 206 1458 1892 1491; baseline -0.001 -8"><span class='ocrx_word' id='word_1_306' title='bbox 206 1468 252 1483; x_wconf 87' lang='lat' dir='ltr'>non</span> <span class='ocrx_word' id='word_1_307' title='bbox 272 1460 335 1483; x_wconf 84' lang='lat' dir='ltr'>satis</span> <span class='ocrx_word' id='word_1_308' title='bbox 354 1459 401 1483; x_wconf 88' lang='lat' dir='ltr'>sibi</span> <span class='ocrx_word' id='word_1_309' title='bbox 421 1459 566 1482; x_wconf 77' lang='lat' dir='ltr'>constitisse</span> <span class='ocrx_word' id='word_1_310' title='bbox 587 1458 731 1487; x_wconf 84' lang='lat' dir='ltr'>videretur,</span> <span class='ocrx_word' id='word_1_311' title='bbox 760 1459 781 1482; x_wconf 89' lang='lat' dir='ltr'>si</span> <span class='ocrx_word' id='word_1_312' title='bbox 805 1463 848 1483; x_wconf 84' lang='lat' dir='ltr'>ant</span> <span class='ocrx_word' id='word_1_313' title='bbox 866 1459 977 1483; x_wconf 78' lang='lat' dir='ltr'>lacunam</span> <span class='ocrx_word' id='word_1_314' title='bbox 997 1459 1035 1483; x_wconf 85' lang='lat' dir='ltr'>hic</span> <span class='ocrx_word' id='word_1_315' title='bbox 1055 1459 1202 1491; x_wconf 82' lang='lat' dir='ltr'>reliquisset</span> <span class='ocrx_word' id='word_1_316' title='bbox 1228 1459 1282 1482; x_wconf 89' lang='lat' dir='ltr'>illic</span> <span class='ocrx_word' id='word_1_317' title='bbox 1302 1466 1377 1482; x_wconf 87' lang='lat' dir='ltr'>versu</span> <span class='ocrx_word' id='word_1_318' title='bbox 1396 1459 1540 1488; x_wconf 73' lang='lat' dir='ltr'>excogitato</span> <span class='ocrx_word' id='word_1_319' title='bbox 1559 1459 1701 1490; x_wconf 81' lang='lat' dir='ltr'>explesset,</span> <span class='ocrx_word' id='word_1_320' title='bbox 1729 1462 1772 1482; x_wconf 77' lang='lat' dir='ltr'>aut</span> <span class='ocrx_word' id='word_1_321' title='bbox 1792 1466 1892 1483; x_wconf 81' lang='lat' dir='ltr'>versum</span> 
     </span>
     <span class='ocr_line' id='line_1_29' title="bbox 205 1501 1892 1534; baseline -0.001 -8"><span class='ocrx_word' id='word_1_322' title='bbox 205 1510 315 1527; x_wconf 87' lang='lat' dir='ltr'>mancum</span> <span class='ocrx_word' id='word_1_323' title='bbox 335 1506 410 1534; x_wconf 89' lang='lat' dir='ltr'>prout</span> <span class='ocrx_word' id='word_1_324' title='bbox 427 1501 521 1526; x_wconf 83' lang='lat' dir='ltr'>libebat</span> <span class='ocrx_word' id='word_1_325' title='bbox 542 1509 604 1525; x_wconf 88' lang='lat' dir='ltr'>nunc</span> <span class='ocrx_word' id='word_1_326' title='bbox 623 1501 751 1533; x_wconf 81' lang='lat' dir='ltr'>explesset</span> <span class='ocrx_word' id='word_1_327' title='bbox 771 1510 834 1525; x_wconf 88' lang='lat' dir='ltr'>nunc</span> <span class='ocrx_word' id='word_1_328' title='bbox 854 1510 908 1526; x_wconf 80' lang='lat' dir='ltr'>cum</span> <span class='ocrx_word' id='word_1_329' title='bbox 927 1503 1051 1534; x_wconf 88' lang='lat' dir='ltr'>potuisset</span> <span class='ocrx_word' id='word_1_330' title='bbox 1069 1502 1171 1534; x_wconf 72' lang='lat' dir='ltr'>explere</span> <span class='ocrx_word' id='word_1_331' title='bbox 1192 1502 1324 1533; x_wconf 86' lang='lat' dir='ltr'>noluisset,</span> <span class='ocrx_word' id='word_1_332' title='bbox 1343 1505 1385 1526; x_wconf 92' lang='lat' dir='ltr'>aut</span> <span class='ocrx_word' id='word_1_333' title='bbox 1405 1502 1508 1525; x_wconf 86' lang='lat' dir='ltr'>lacunas</span> <span class='ocrx_word' id='word_1_334' title='bbox 1522 1502 1637 1525; x_wconf 84' lang='lat' dir='ltr'>inventas</span> <span class='ocrx_word' id='word_1_335' title='bbox 1652 1502 1754 1532; x_wconf 77' lang='lat' dir='ltr'>explere</span> <span class='ocrx_word' id='word_1_336' title='bbox 1769 1501 1892 1525; x_wconf 77' lang='lat' dir='ltr'>noluisset</span> 
     </span>
     <span class='ocr_line' id='line_1_30' title="bbox 206 1544 1892 1577; baseline -0.001 -8"><span class='ocrx_word' id='word_1_337' title='bbox 206 1549 291 1570; x_wconf 84' lang='lat' dir='ltr'>contra</span> <span class='ocrx_word' id='word_1_338' title='bbox 312 1545 352 1569; x_wconf 88' lang='lat' dir='ltr'>nbi</span> <span class='ocrx_word' id='word_1_339' title='bbox 372 1546 485 1569; x_wconf 82' lang='lat' dir='ltr'>lacunam</span> <span class='ocrx_word' id='word_1_340' title='bbox 511 1553 555 1568; x_wconf 89' lang='lat' dir='ltr'>non</span> <span class='ocrx_word' id='word_1_341' title='bbox 582 1545 722 1568; x_wconf 86' lang='lat' dir='ltr'>invenisset</span> <span class='ocrx_word' id='word_1_342' title='bbox 741 1548 834 1569; x_wconf 86' lang='lat' dir='ltr'>temere</span> <span class='ocrx_word' id='word_1_343' title='bbox 854 1545 978 1569; x_wconf 82' lang='lat' dir='ltr'>distichon</span> <span class='ocrx_word' id='word_1_344' title='bbox 999 1546 1150 1570; x_wconf 79' lang='lat' dir='ltr'>addidisset:</span> <span class='ocrx_word' id='word_1_345' title='bbox 1178 1553 1239 1577; x_wconf 90' lang='lat' dir='ltr'>quae</span> <span class='ocrx_word' id='word_1_346' title='bbox 1259 1545 1339 1569; x_wconf 88' lang='lat' dir='ltr'>omnia</span> <span class='ocrx_word' id='word_1_347' title='bbox 1359 1544 1425 1569; x_wconf 81' lang='lat' dir='ltr'>facta</span> <span class='ocrx_word' id='word_1_348' title='bbox 1445 1553 1500 1569; x_wconf 83' lang='lat' dir='ltr'>esse</span> <span class='ocrx_word' id='word_1_349' title='bbox 1520 1552 1590 1575; x_wconf 72' lang='lat' dir='ltr'>nego.</span> <span class='ocrx_word' id='word_1_350' title='bbox 1626 1544 1712 1576; x_wconf 80' lang='lat' dir='ltr'>Neque</span> <span class='ocrx_word' id='word_1_351' title='bbox 1732 1545 1795 1576; x_wconf 88' lang='lat' dir='ltr'>quod</span> <span class='ocrx_word' id='word_1_352' title='bbox 1815 1544 1892 1568; x_wconf 81' lang='lat' dir='ltr'>semel</span> 
     </span>
     <span class='ocr_line' id='line_1_31' title="bbox 205 1587 1891 1620; baseline -0.001 -8"><span class='ocrx_word' id='word_1_353' title='bbox 205 1589 234 1620; x_wconf 90' lang='lat' dir='ltr'>(ll</span> <span class='ocrx_word' id='word_1_354' title='bbox 254 1590 278 1619; x_wconf 73' lang='lat'>4,</span> <span class='ocrx_word' id='word_1_355' title='bbox 297 1589 335 1612; x_wconf 86' lang='lat'>37.</span> <span class='ocrx_word' id='word_1_356' title='bbox 356 1588 407 1619; x_wconf 77' lang='lat'>38),</span> <span class='ocrx_word' id='word_1_357' title='bbox 435 1596 495 1620; x_wconf 82' lang='lat' dir='ltr'>qnae</span> <span class='ocrx_word' id='word_1_358' title='bbox 516 1588 556 1612; x_wconf 88' lang='lat' dir='ltr'>illi</span> <span class='ocrx_word' id='word_1_359' title='bbox 575 1588 656 1612; x_wconf 80' lang='lat' dir='ltr'>altera</span> <span class='ocrx_word' id='word_1_360' title='bbox 677 1588 816 1612; x_wconf 83' lang='lat' dir='ltr'>hexametri</span> <span class='ocrx_word' id='word_1_361' title='bbox 836 1591 906 1620; x_wconf 85' lang='lat' dir='ltr'>parte</span> <span class='ocrx_word' id='word_1_362' title='bbox 925 1592 950 1612; x_wconf 87' lang='lat' dir='ltr'>et</span> <span class='ocrx_word' id='word_1_363' title='bbox 969 1589 1080 1613; x_wconf 85' lang='lat' dir='ltr'>eiusdem</span> <span class='ocrx_word' id='word_1_364' title='bbox 1100 1589 1203 1613; x_wconf 81' lang='lat' dir='ltr'>distichi</span> <span class='ocrx_word' id='word_1_365' title='bbox 1223 1592 1378 1620; x_wconf 84' lang='lat' dir='ltr'>pentametro</span> <span class='ocrx_word' id='word_1_366' title='bbox 1397 1588 1498 1612; x_wconf 81' lang='lat' dir='ltr'>amissis</span> <span class='ocrx_word' id='word_1_367' title='bbox 1517 1587 1547 1611; x_wconf 89' lang='lat' dir='ltr'>ad</span> <span class='ocrx_word' id='word_1_368' title='bbox 1566 1588 1679 1611; x_wconf 88' lang='lat' dir='ltr'>lacunam</span> <span class='ocrx_word' id='word_1_369' title='bbox 1700 1587 1846 1619; x_wconf 70' lang='lat' dir='ltr'>explendam</span> <span class='ocrx_word' id='word_1_370' title='bbox 1867 1587 1891 1611; x_wconf 90' lang='lat' dir='ltr'>in</span> 
     </span>
     <span class='ocr_line' id='line_1_32' title="bbox 205 1630 1892 1663; baseline -0.001 -7"><span class='ocrx_word' id='word_1_371' title='bbox 205 1637 310 1656; x_wconf 85' lang='lat' dir='ltr'>mentem</span> <span class='ocrx_word' id='word_1_372' title='bbox 331 1634 461 1661; x_wconf 74' lang='lat' dir='ltr'>venerant,</span> <span class='ocrx_word' id='word_1_373' title='bbox 480 1631 577 1662; x_wconf 80' lang='lat' dir='ltr'>reliqna</span> <span class='ocrx_word' id='word_1_374' title='bbox 596 1631 699 1655; x_wconf 87' lang='lat' dir='ltr'>maioris</span> <span class='ocrx_word' id='word_1_375' title='bbox 719 1639 808 1655; x_wconf 85' lang='lat' dir='ltr'>versus</span> <span class='ocrx_word' id='word_1_376' title='bbox 828 1635 898 1663; x_wconf 87' lang='lat' dir='ltr'>parte</span> <span class='ocrx_word' id='word_1_377' title='bbox 918 1632 1012 1655; x_wconf 83' lang='lat' dir='ltr'>includi</span> <span class='ocrx_word' id='word_1_378' title='bbox 1033 1639 1079 1655; x_wconf 91' lang='lat' dir='ltr'>non</span> <span class='ocrx_word' id='word_1_379' title='bbox 1100 1635 1243 1663; x_wconf 89' lang='lat' dir='ltr'>potuerunt,</span> <span class='ocrx_word' id='word_1_380' title='bbox 1263 1632 1379 1655; x_wconf 83' lang='lat' dir='ltr'>habemus</span> <span class='ocrx_word' id='word_1_381' title='bbox 1399 1639 1444 1655; x_wconf 85' lang='lat' dir='ltr'>cur</span> <span class='ocrx_word' id='word_1_382' title='bbox 1459 1631 1488 1655; x_wconf 90' lang='lat' dir='ltr'>de</span> <span class='ocrx_word' id='word_1_383' title='bbox 1508 1631 1649 1655; x_wconf 86' lang='lat' dir='ltr'>constantia</span> <span class='ocrx_word' id='word_1_384' title='bbox 1670 1631 1723 1654; x_wconf 87' lang='lat' dir='ltr'>eius</span> <span class='ocrx_word' id='word_1_385' title='bbox 1743 1630 1892 1655; x_wconf 86' lang='lat' dir='ltr'>dubitemus.</span> 
     </span>
     <span class='ocr_line' id='line_1_33' title="bbox 206 1674 1893 1707; baseline -0.001 -8"><span class='ocrx_word' id='word_1_386' title='bbox 206 1676 286 1707; x_wconf 72' lang='lat' dir='ltr'>Quid?</span> <span class='ocrx_word' id='word_1_387' title='bbox 315 1675 444 1706; x_wconf 81' lang='lat' dir='ltr'>Singulari</span> <span class='ocrx_word' id='word_1_388' title='bbox 469 1675 616 1699; x_wconf 86' lang='lat' dir='ltr'>condicione</span> <span class='ocrx_word' id='word_1_389' title='bbox 643 1674 726 1698; x_wconf 85' lang='lat' dir='ltr'>oblata</span> <span class='ocrx_word' id='word_1_390' title='bbox 746 1688 778 1691; x_wconf 86' lang='lat'>—</span> <span class='ocrx_word' id='word_1_391' title='bbox 797 1682 875 1706; x_wconf 82' lang='lat' dir='ltr'>neque</span> <span class='ocrx_word' id='word_1_392' title='bbox 900 1675 966 1698; x_wconf 84' lang='lat' dir='ltr'>enim</span> <span class='ocrx_word' id='word_1_393' title='bbox 992 1675 1043 1698; x_wconf 89' lang='lat' dir='ltr'>ullo</span> <span class='ocrx_word' id='word_1_394' title='bbox 1063 1679 1164 1707; x_wconf 83' lang='lat' dir='ltr'>praeter</span> <span class='ocrx_word' id='word_1_395' title='bbox 1183 1676 1245 1699; x_wconf 84' lang='lat' dir='ltr'>hunc</span> <span class='ocrx_word' id='word_1_396' title='bbox 1266 1675 1321 1698; x_wconf 84' lang='lat' dir='ltr'>loco</span> <span class='ocrx_word' id='word_1_397' title='bbox 1342 1678 1394 1699; x_wconf 86' lang='lat' dir='ltr'>tres</span> <span class='ocrx_word' id='word_1_398' title='bbox 1413 1674 1515 1698; x_wconf 86' lang='lat' dir='ltr'>distichi</span> <span class='ocrx_word' id='word_1_399' title='bbox 1535 1678 1618 1706; x_wconf 82' lang='lat' dir='ltr'>partes</span> <span class='ocrx_word' id='word_1_400' title='bbox 1638 1674 1743 1698; x_wconf 83' lang='lat' dir='ltr'>deerant</span> <span class='ocrx_word' id='word_1_401' title='bbox 1761 1687 1793 1691; x_wconf 89' lang='lat'><strong>—</strong></span> <span class='ocrx_word' id='word_1_402' title='bbox 1813 1682 1893 1698; x_wconf 86' lang='lat' dir='ltr'>noune</span> 
     </span>
     <span class='ocr_line' id='line_1_34' title="bbox 205 1716 1895 1750; baseline 0 -8"><span class='ocrx_word' id='word_1_403' title='bbox 205 1718 329 1749; x_wconf 74' lang='lat' dir='ltr'>singulari</span> <span class='ocrx_word' id='word_1_404' title='bbox 357 1719 394 1742; x_wconf 84' lang='lat' dir='ltr'>nti</span> <span class='ocrx_word' id='word_1_405' title='bbox 422 1718 532 1742; x_wconf 83' lang='lat' dir='ltr'>remedio</span> <span class='ocrx_word' id='word_1_406' title='bbox 559 1718 669 1741; x_wconf 78' lang='lat' dir='ltr'>licebat?</span> <span class='ocrx_word' id='word_1_407' title='bbox 706 1717 749 1741; x_wconf 86' lang='lat' dir='ltr'>Eis</span> <span class='ocrx_word' id='word_1_408' title='bbox 777 1718 853 1747; x_wconf 75' lang='lat' dir='ltr'>igitur</span> <span class='ocrx_word' id='word_1_409' title='bbox 876 1725 938 1750; x_wconf 91' lang='lat' dir='ltr'>quae</span> <span class='ocrx_word' id='word_1_410' title='bbox 961 1718 1024 1742; x_wconf 86' lang='lat' dir='ltr'>dicit</span> <span class='ocrx_word' id='word_1_411' title='bbox 1043 1718 1147 1748; x_wconf 81' lang='lat' dir='ltr'>Magnus</span> <span class='ocrx_word' id='word_1_412' title='bbox 1166 1720 1214 1750; x_wconf 64' lang='grc' dir='ltr'>(μς.</span> <span class='ocrx_word' id='word_1_413' title='bbox 1232 1718 1317 1747; x_wconf 75' lang='grc' dir='ltr'>154ῖ);</span> <span class='ocrx_word' id='word_1_414' title='bbox 1346 1718 1400 1742; x_wconf 77' lang='lat' dir='ltr'>‘Die</span> <span class='ocrx_word' id='word_1_415' title='bbox 1420 1717 1563 1748; x_wconf 80' lang='lat' dir='ltr'>Erkl&#39;arnug</span> <span class='ocrx_word' id='word_1_416' title='bbox 1582 1716 1621 1741; x_wconf 77' lang='lat' dir='ltr'>fiir</span> <span class='ocrx_word' id='word_1_417' title='bbox 1641 1718 1722 1741; x_wconf 77' lang='lat' dir='ltr'>dieses</span> <span class='ocrx_word' id='word_1_418' title='bbox 1741 1718 1839 1741; x_wconf 86' lang='lat' dir='ltr'>unicum</span> <span class='ocrx_word' id='word_1_419' title='bbox 1860 1718 1895 1742; x_wconf 88' lang='lat' dir='ltr'>ist</span> 
     </span>
     <span class='ocr_line' id='line_1_35' title="bbox 205 1760 1889 1793; baseline -0.001 -8"><span class='ocrx_word' id='word_1_420' title='bbox 205 1762 267 1785; x_wconf 86' lang='lat' dir='ltr'>doch</span> <span class='ocrx_word' id='word_1_421' title='bbox 287 1762 345 1785; x_wconf 77' lang='lat' dir='ltr'>sehr</span> <span class='ocrx_word' id='word_1_422' title='bbox 365 1761 565 1793; x_wconf 83' lang='lat' dir='ltr'>problematisch.</span> <span class='ocrx_word' id='word_1_423' title='bbox 598 1760 659 1784; x_wconf 74' lang='lat' dir='ltr'>was</span> <span class='ocrx_word' id='word_1_424' title='bbox 680 1761 791 1784; x_wconf 86' lang='lat' dir='ltr'>hinderte</span> <span class='ocrx_word' id='word_1_425' title='bbox 811 1761 873 1784; x_wconf 86' lang='lat' dir='ltr'>deun</span> <span class='ocrx_word' id='word_1_426' title='bbox 894 1769 985 1785; x_wconf 84' lang='lat' dir='ltr'>unsern</span> <span class='ocrx_word' id='word_1_427' title='bbox 1006 1761 1148 1785; x_wconf 87' lang='lat' dir='ltr'>schlimmen</span> <span class='ocrx_word' id='word_1_428' title='bbox 1169 1761 1344 1793; x_wconf 83' lang='lat' dir='ltr'>lnterpolntor,</span> <span class='ocrx_word' id='word_1_429' title='bbox 1364 1762 1409 1785; x_wconf 88' lang='lat' dir='ltr'>den</span> <span class='ocrx_word' id='word_1_430' title='bbox 1428 1769 1452 1785; x_wconf 77' lang='lat' dir='ltr'>v.</span> <span class='ocrx_word' id='word_1_431' title='bbox 1466 1762 1497 1784; x_wconf 81' lang='lat'>37</span> <span class='ocrx_word' id='word_1_432' title='bbox 1518 1760 1581 1785; x_wconf 81' lang='lat' dir='ltr'>blol&#39;s</span> <span class='ocrx_word' id='word_1_433' title='bbox 1602 1761 1679 1785; x_wconf 84' lang='lat' dir='ltr'>durch</span> <span class='ocrx_word' id='word_1_434' title='bbox 1699 1761 1803 1785; x_wconf 83' lang='lat' dir='ltr'>weitere</span> <span class='ocrx_word' id='word_1_435' title='bbox 1823 1762 1889 1785; x_wconf 78' lang='lat' dir='ltr'>Aus-</span> 
     </span>
     <span class='ocr_line' id='line_1_36' title="bbox 206 1803 1885 1835; baseline -0.001 -7"><span class='ocrx_word' id='word_1_436' title='bbox 206 1806 305 1835; x_wconf 78' lang='lat' dir='ltr'>nialung</span> <span class='ocrx_word' id='word_1_437' title='bbox 324 1813 371 1829; x_wconf 79' lang='lat' dir='ltr'>von</span> <span class='ocrx_word' id='word_1_438' title='bbox 391 1805 446 1829; x_wconf 88' lang='lat' dir='ltr'>hinc</span> <span class='ocrx_word' id='word_1_439' title='bbox 467 1806 538 1828; x_wconf 86' lang='lat' dir='ltr'>fletus</span> <span class='ocrx_word' id='word_1_440' title='bbox 557 1804 678 1835; x_wconf 80' lang='lat' dir='ltr'>rixaeque</span> <span class='ocrx_word' id='word_1_441' title='bbox 697 1808 787 1828; x_wconf 89' lang='lat' dir='ltr'>sonant</span> <span class='ocrx_word' id='word_1_442' title='bbox 806 1812 835 1827; x_wconf 87' lang='lat' dir='ltr'>zu</span> <span class='ocrx_word' id='word_1_443' title='bbox 856 1803 933 1828; x_wconf 78' lang='lat' dir='ltr'>fiillen</span> <span class='ocrx_word' id='word_1_444' title='bbox 954 1805 1006 1834; x_wconf 70' lang='lat' dir='ltr'>(das</span> <span class='ocrx_word' id='word_1_445' title='bbox 1027 1812 1080 1828; x_wconf 82' lang='lat' dir='ltr'>war</span> <span class='ocrx_word' id='word_1_446' title='bbox 1098 1805 1154 1828; x_wconf 83' lang='lat' dir='ltr'>eine</span> <span class='ocrx_word' id='word_1_447' title='bbox 1174 1803 1340 1834; x_wconf 72' lang='lat' dir='ltr'>Kleiuigkeit)</span> <span class='ocrx_word' id='word_1_448' title='bbox 1360 1804 1406 1828; x_wconf 90' lang='lat' dir='ltr'>nnd</span> <span class='ocrx_word' id='word_1_449' title='bbox 1431 1805 1476 1828; x_wconf 88' lang='lat' dir='ltr'>den</span> <span class='ocrx_word' id='word_1_450' title='bbox 1496 1803 1655 1828; x_wconf 80' lang='lat' dir='ltr'>Pentameter</span> <span class='ocrx_word' id='word_1_451' title='bbox 1672 1804 1770 1828; x_wconf 84' lang='lat' dir='ltr'>einfach</span> <span class='ocrx_word' id='word_1_452' title='bbox 1790 1811 1885 1834; x_wconf 79' lang='lat' dir='ltr'>wegzu-</span> 
     </span>
     <span class='ocr_line' id='line_1_37' title="bbox 208 1846 1887 1879; baseline -0.001 -8"><span class='ocrx_word' id='word_1_453' title='bbox 208 1847 322 1878; x_wconf 47' lang='lat' dir='ltr'>lass-eus,</span> <span class='ocrx_word' id='word_1_454' title='bbox 351 1856 378 1872; x_wconf 89' lang='lat' dir='ltr'>eo</span> <span class='ocrx_word' id='word_1_455' title='bbox 406 1848 487 1872; x_wconf 88' lang='lat' dir='ltr'>minus</span> <span class='ocrx_word' id='word_1_456' title='bbox 512 1855 615 1871; x_wconf 77' lang='lat' dir='ltr'>moveor</span> <span class='ocrx_word' id='word_1_457' title='bbox 634 1848 697 1879; x_wconf 87' lang='lat' dir='ltr'>quod</span> <span class='ocrx_word' id='word_1_458' title='bbox 721 1848 745 1871; x_wconf 92' lang='lat' dir='ltr'>iu</span> <span class='ocrx_word' id='word_1_459' title='bbox 767 1847 813 1871; x_wconf 86' lang='lat' dir='ltr'>tali</span> <span class='ocrx_word' id='word_1_460' title='bbox 832 1856 858 1871; x_wconf 93' lang='lat' dir='ltr'>rc</span> <span class='ocrx_word' id='word_1_461' title='bbox 878 1848 939 1879; x_wconf 88' lang='lat' dir='ltr'>qnod</span> <span class='ocrx_word' id='word_1_462' title='bbox 959 1848 1034 1872; x_wconf 87' lang='lat' dir='ltr'>alteri</span> <span class='ocrx_word' id='word_1_463' title='bbox 1054 1846 1199 1871; x_wconf 82' lang='lat' dir='ltr'>facillimum</span> <span class='ocrx_word' id='word_1_464' title='bbox 1219 1851 1257 1871; x_wconf 75' lang='lat' dir='ltr'>est</span> <span class='ocrx_word' id='word_1_465' title='bbox 1276 1847 1338 1871; x_wconf 85' lang='lat' dir='ltr'>idem</span> <span class='ocrx_word' id='word_1_466' title='bbox 1360 1851 1386 1871; x_wconf 86' lang='lat' dir='ltr'>ut</span> <span class='ocrx_word' id='word_1_467' title='bbox 1404 1847 1521 1878; x_wconf 80' lang='lat' dir='ltr'>expediat</span> <span class='ocrx_word' id='word_1_468' title='bbox 1539 1847 1616 1871; x_wconf 87' lang='lat' dir='ltr'>alteri</span> <span class='ocrx_word' id='word_1_469' title='bbox 1637 1847 1715 1870; x_wconf 82' lang='lat' dir='ltr'>miuus</span> <span class='ocrx_word' id='word_1_470' title='bbox 1735 1846 1810 1871; x_wconf 79' lang='lat' dir='ltr'>facile</span> <span class='ocrx_word' id='word_1_471' title='bbox 1830 1855 1887 1871; x_wconf 86' lang='lat' dir='ltr'>eon-</span> 
     </span>
     <span class='ocr_line' id='line_1_38' title="bbox 206 1890 1888 1922; baseline -0.001 -7"><span class='ocrx_word' id='word_1_472' title='bbox 206 1893 303 1920; x_wconf 75' lang='lat' dir='ltr'>tingere</span> <span class='ocrx_word' id='word_1_473' title='bbox 322 1891 394 1915; x_wconf 84' lang='lat' dir='ltr'>solet.</span> <span class='ocrx_word' id='word_1_474' title='bbox 428 1890 522 1921; x_wconf 80' lang='lat' dir='ltr'>Quodsi</span> <span class='ocrx_word' id='word_1_475' title='bbox 546 1891 665 1914; x_wconf 86' lang='lat' dir='ltr'>maiorem</span> <span class='ocrx_word' id='word_1_476' title='bbox 686 1898 785 1914; x_wconf 83' lang='lat' dir='ltr'>versum</span> <span class='ocrx_word' id='word_1_477' title='bbox 806 1891 901 1921; x_wconf 88' lang='lat' dir='ltr'>plenum</span> <span class='ocrx_word' id='word_1_478' title='bbox 922 1891 1077 1922; x_wconf 84' lang='lat' dir='ltr'>repperisset</span> <span class='ocrx_word' id='word_1_479' title='bbox 1097 1898 1174 1922; x_wconf 82' lang='lat' dir='ltr'>neque</span> <span class='ocrx_word' id='word_1_480' title='bbox 1193 1891 1310 1922; x_wconf 81' lang='lat' dir='ltr'>quaedam</span> <span class='ocrx_word' id='word_1_481' title='bbox 1331 1891 1360 1914; x_wconf 87' lang='lat' dir='ltr'>de</span> <span class='ocrx_word' id='word_1_482' title='bbox 1379 1898 1422 1914; x_wconf 93' lang='lat' dir='ltr'>suo</span> <span class='ocrx_word' id='word_1_483' title='bbox 1437 1890 1528 1914; x_wconf 84' lang='lat' dir='ltr'>addere</span> <span class='ocrx_word' id='word_1_484' title='bbox 1542 1893 1644 1914; x_wconf 76' lang='lat' dir='ltr'>coactus</span> <span class='ocrx_word' id='word_1_485' title='bbox 1659 1890 1771 1914; x_wconf 77' lang='lat' dir='ltr'>lacunam</span> <span class='ocrx_word' id='word_1_486' title='bbox 1785 1890 1888 1922; x_wconf 77' lang='lat' dir='ltr'>explere</span> 
     </span>
     <span class='ocr_line' id='line_1_39' title="bbox 206 1932 1840 1966; baseline -0.001 -8"><span class='ocrx_word' id='word_1_487' title='bbox 206 1935 253 1958; x_wconf 85' lang='lat' dir='ltr'>iam</span> <span class='ocrx_word' id='word_1_488' title='bbox 272 1935 406 1966; x_wconf 82' lang='lat' dir='ltr'>coepisset,</span> <span class='ocrx_word' id='word_1_489' title='bbox 425 1934 470 1957; x_wconf 88' lang='lat' dir='ltr'>hoe</span> <span class='ocrx_word' id='word_1_490' title='bbox 490 1941 584 1965; x_wconf 83' lang='lat' dir='ltr'>quoqne</span> <span class='ocrx_word' id='word_1_491' title='bbox 603 1934 658 1957; x_wconf 87' lang='lat' dir='ltr'>loco</span> <span class='ocrx_word' id='word_1_492' title='bbox 679 1941 732 1957; x_wconf 88' lang='lat' dir='ltr'>eum</span> <span class='ocrx_word' id='word_1_493' title='bbox 753 1933 826 1957; x_wconf 89' lang='lat' dir='ltr'>unius</span> <span class='ocrx_word' id='word_1_494' title='bbox 849 1934 997 1965; x_wconf 83' lang='lat' dir='ltr'>pentametri</span> <span class='ocrx_word' id='word_1_495' title='bbox 1016 1934 1128 1958; x_wconf 80' lang='lat' dir='ltr'>lacunam</span> <span class='ocrx_word' id='word_1_496' title='bbox 1148 1934 1267 1957; x_wconf 83' lang='lat' dir='ltr'>intactam</span> <span class='ocrx_word' id='word_1_497' title='bbox 1288 1934 1435 1957; x_wconf 85' lang='lat' dir='ltr'>relicturum</span> <span class='ocrx_word' id='word_1_498' title='bbox 1455 1932 1533 1957; x_wconf 80' lang='lat' dir='ltr'>fuisse</span> <span class='ocrx_word' id='word_1_499' title='bbox 1552 1933 1612 1957; x_wconf 84' lang='lat' dir='ltr'>milii</span> <span class='ocrx_word' id='word_1_500' title='bbox 1631 1940 1775 1965; x_wconf 83' lang='lat' dir='ltr'>persuasum</span> <span class='ocrx_word' id='word_1_501' title='bbox 1794 1937 1840 1957; x_wconf 83' lang='lat' dir='ltr'>est.</span> 
     </span>
    </p>

    <p class='ocr_par' dir='ltr' id='par_1_11' title="bbox 205 1975 1895 2137">
     <span class='ocr_line' id='line_1_40' title="bbox 346 1975 1890 2008; baseline -0.001 -8"><span class='ocrx_word' id='word_1_502' title='bbox 346 1978 364 2006; x_wconf 77' lang='lat'>⁵)</span> <span class='ocrx_word' id='word_1_503' title='bbox 395 1977 420 2000; x_wconf 84' lang='lat' dir='ltr'>E.</span> <span class='ocrx_word' id='word_1_504' title='bbox 437 1977 553 2001; x_wconf 74' lang='lat' dir='ltr'>Wiilll&#39;lin</span> <span class='ocrx_word' id='word_1_505' title='bbox 578 1977 635 2007; x_wconf 77' lang='grc'>(1.1.</span> <span class='ocrx_word' id='word_1_506' title='bbox 657 1984 693 2008; x_wconf 80' lang='lat' dir='ltr'>pg.</span> <span class='ocrx_word' id='word_1_507' title='bbox 708 1976 755 2000; x_wconf 73' lang='lat'>270</span> <span class='ocrx_word' id='word_1_508' title='bbox 768 1978 813 2008; x_wconf 84' lang='lat' dir='ltr'>sq.)</span> <span class='ocrx_word' id='word_1_509' title='bbox 836 1978 997 2008; x_wconf 67' lang='lat' dir='ltr'>symmetriae</span> <span class='ocrx_word' id='word_1_510' title='bbox 1025 1977 1151 2000; x_wconf 87' lang='lat' dir='ltr'>cuiusdam</span> <span class='ocrx_word' id='word_1_511' title='bbox 1179 1977 1263 2006; x_wconf 64' lang='lat' dir='ltr'>gratia</span> <span class='ocrx_word' id='word_1_512' title='bbox 1291 1977 1455 2000; x_wconf 76' lang='lat' dir='ltr'>resuscitavit</span> <span class='ocrx_word' id='word_1_513' title='bbox 1482 1984 1566 2000; x_wconf 79' lang='lat' dir='ltr'>eorum</span> <span class='ocrx_word' id='word_1_514' title='bbox 1595 1976 1637 2007; x_wconf 89' lang='lat' dir='ltr'>qui</span> <span class='ocrx_word' id='word_1_515' title='bbox 1666 1979 1720 2008; x_wconf 88' lang='lat' dir='ltr'>post</span> <span class='ocrx_word' id='word_1_516' title='bbox 1745 1984 1768 2000; x_wconf 81' lang='lat' dir='ltr'>v.</span> <span class='ocrx_word' id='word_1_517' title='bbox 1783 1975 1790 2000; x_wconf 95' lang='lat' dir='ltr'>l</span> <span class='ocrx_word' id='word_1_518' title='bbox 1807 1976 1845 2007; x_wconf 82' lang='lat' dir='ltr'>lo,</span> <span class='ocrx_word' id='word_1_519' title='bbox 1858 1977 1890 2000; x_wconf 87' lang='lat'>50</span> 
     </span>
     <span class='ocr_line' id='line_1_41' title="bbox 205 2019 1895 2051; baseline -0.001 -7"><span class='ocrx_word' id='word_1_520' title='bbox 205 2021 330 2044; x_wconf 82' lang='lat' dir='ltr'>distichon</span> <span class='ocrx_word' id='word_1_521' title='bbox 350 2020 476 2044; x_wconf 82' lang='lat' dir='ltr'>excidisse</span> <span class='ocrx_word' id='word_1_522' title='bbox 496 2020 617 2051; x_wconf 83' lang='lat' dir='ltr'>suspicati</span> <span class='ocrx_word' id='word_1_523' title='bbox 636 2023 694 2043; x_wconf 87' lang='lat' dir='ltr'>sunt</span> <span class='ocrx_word' id='word_1_524' title='bbox 713 2020 854 2051; x_wconf 85' lang='lat' dir='ltr'>opinionem</span> <span class='ocrx_word' id='word_1_525' title='bbox 874 2020 962 2043; x_wconf 88' lang='lat' dir='ltr'>dudum</span> <span class='ocrx_word' id='word_1_526' title='bbox 983 2020 1046 2044; x_wconf 84' lang='lat' dir='ltr'>scite</span> <span class='ocrx_word' id='word_1_527' title='bbox 1065 2019 1216 2043; x_wconf 77' lang='lat' dir='ltr'>confutatam</span> <span class='ocrx_word' id='word_1_528' title='bbox 1242 2020 1278 2044; x_wconf 84' lang='lat' dir='ltr'>eis</span> <span class='ocrx_word' id='word_1_529' title='bbox 1302 2028 1362 2051; x_wconf 85' lang='lat' dir='ltr'>quae</span> <span class='ocrx_word' id='word_1_530' title='bbox 1383 2020 1449 2044; x_wconf 82' lang='lat' dir='ltr'>dixit</span> <span class='ocrx_word' id='word_1_531' title='bbox 1467 2019 1493 2043; x_wconf 90' lang='lat' dir='ltr'>F.</span> <span class='ocrx_word' id='word_1_532' title='bbox 1510 2019 1559 2043; x_wconf 84' lang='lat' dir='ltr'>Leo</span> <span class='ocrx_word' id='word_1_533' title='bbox 1580 2024 1628 2050; x_wconf 70' lang='lat' dir='ltr'>tpg.</span> <span class='ocrx_word' id='word_1_534' title='bbox 1641 2019 1698 2047; x_wconf 83' lang='lat' dir='ltr'>2S):</span> <span class='ocrx_word' id='word_1_535' title='bbox 1726 2019 1769 2043; x_wconf 81' lang='lat' dir='ltr'>‘Es</span> <span class='ocrx_word' id='word_1_536' title='bbox 1797 2019 1895 2043; x_wconf 80' lang='lat' dir='ltr'>scheiut</span> 
     </span>
     <span class='ocr_line' id='line_1_42' title="bbox 206 2062 1892 2095; baseline -0.002 -7"><span class='ocrx_word' id='word_1_537' title='bbox 206 2065 252 2088; x_wconf 89' lang='lat' dir='ltr'>mir</span> <span class='ocrx_word' id='word_1_538' title='bbox 271 2064 395 2088; x_wconf 81' lang='lat' dir='ltr'>vielmehr</span> <span class='ocrx_word' id='word_1_539' title='bbox 414 2063 527 2095; x_wconf 86' lang='lat' dir='ltr'>poetisch</span> <span class='ocrx_word' id='word_1_540' title='bbox 545 2071 705 2093; x_wconf 80' lang='lat' dir='ltr'>angcmessen</span> <span class='ocrx_word' id='word_1_541' title='bbox 727 2064 774 2086; x_wconf 87' lang='lat' dir='ltr'>und</span> <span class='ocrx_word' id='word_1_542' title='bbox 795 2063 852 2087; x_wconf 82' lang='lat' dir='ltr'>sehr</span> <span class='ocrx_word' id='word_1_543' title='bbox 872 2063 1014 2093; x_wconf 85' lang='lat' dir='ltr'>tibullisch,</span> <span class='ocrx_word' id='word_1_544' title='bbox 1042 2062 1080 2086; x_wconf 84' lang='lat' dir='ltr'>die</span> <span class='ocrx_word' id='word_1_545' title='bbox 1099 2062 1239 2086; x_wconf 79' lang='lat' dir='ltr'>&#39;l&#39;hatsacbe</span> <span class='ocrx_word' id='word_1_546' title='bbox 1269 2063 1337 2087; x_wconf 90' lang='lat' dir='ltr'>nicht</span> <span class='ocrx_word' id='word_1_547' title='bbox 1365 2062 1462 2087; x_wconf 74' lang='lat' dir='ltr'>eiul&#39;ach</span> <span class='ocrx_word' id='word_1_548' title='bbox 1491 2062 1707 2094; x_wconf 83' lang='lat' dir='ltr'>auszusprechen,</span> <span class='ocrx_word' id='word_1_549' title='bbox 1735 2062 1842 2086; x_wconf 88' lang='lat' dir='ltr'>sondern</span> <span class='ocrx_word' id='word_1_550' title='bbox 1867 2062 1892 2086; x_wconf 89' lang='lat' dir='ltr'>iu</span> 
     </span>
     <span class='ocr_line' id='line_1_43' title="bbox 206 2105 1008 2137; baseline -0.002 -7"><span class='ocrx_word' id='word_1_551' title='bbox 206 2107 286 2131; x_wconf 84' lang='lat' dir='ltr'>ciuem</span> <span class='ocrx_word' id='word_1_552' title='bbox 305 2106 562 2130; x_wconf 82' lang='lat' dir='ltr'>charukteristischeu</span> <span class='ocrx_word' id='word_1_553' title='bbox 584 2106 651 2137; x_wconf 77' lang='lat' dir='ltr'>Zuge</span> <span class='ocrx_word' id='word_1_554' title='bbox 670 2106 814 2129; x_wconf 80' lang='lat' dir='ltr'>ausmalend</span> <span class='ocrx_word' id='word_1_555' title='bbox 834 2105 1008 2129; x_wconf 68' lang='lat' dir='ltr'>anzudcutcn&#39;.</span> 
     </span>
    </p>

    <p class='ocr_par' dir='ltr' id='par_1_12' title="bbox 205 2148 1894 2310">
     <span class='ocr_line' id='line_1_44' title="bbox 346 2148 1892 2180; baseline 0.001 -9"><span class='ocrx_word' id='word_1_556' title='bbox 346 2149 364 2178; x_wconf 64' lang='grc' dir='ltr'>ὓ)</span> <span class='ocrx_word' id='word_1_557' title='bbox 393 2149 474 2173; x_wconf 79' lang='lat' dir='ltr'>Semel</span> <span class='ocrx_word' id='word_1_558' title='bbox 494 2149 518 2172; x_wconf 90' lang='lat' dir='ltr'>iu</span> <span class='ocrx_word' id='word_1_559' title='bbox 538 2156 644 2180; x_wconf 83' lang='lat' dir='ltr'>corpore</span> <span class='ocrx_word' id='word_1_560' title='bbox 663 2148 808 2172; x_wconf 84' lang='lat' dir='ltr'>Tibulliano</span> <span class='ocrx_word' id='word_1_561' title='bbox 829 2148 870 2178; x_wconf 83' lang='lat' dir='ltr'>(lv</span> <span class='ocrx_word' id='word_1_562' title='bbox 885 2150 909 2177; x_wconf 71' lang='lat'>4)</span> <span class='ocrx_word' id='word_1_563' title='bbox 929 2148 988 2172; x_wconf 86' lang='lat' dir='ltr'>ordo</span> <span class='ocrx_word' id='word_1_564' title='bbox 1009 2156 1123 2173; x_wconf 84' lang='lat' dir='ltr'>versuum</span> <span class='ocrx_word' id='word_1_565' title='bbox 1154 2157 1199 2172; x_wconf 89' lang='lat' dir='ltr'>nou</span> <span class='ocrx_word' id='word_1_566' title='bbox 1225 2153 1294 2173; x_wconf 86' lang='lat' dir='ltr'>recte</span> <span class='ocrx_word' id='word_1_567' title='bbox 1324 2150 1345 2172; x_wconf 93' lang='lat' dir='ltr'>in</span> <span class='ocrx_word' id='word_1_568' title='bbox 1368 2149 1442 2173; x_wconf 86' lang='lat' dir='ltr'>libris</span> <span class='ocrx_word' id='word_1_569' title='bbox 1461 2157 1533 2173; x_wconf 83' lang='lat' dir='ltr'>manu</span> <span class='ocrx_word' id='word_1_570' title='bbox 1554 2149 1657 2180; x_wconf 82' lang='lat' dir='ltr'>scriptis</span> <span class='ocrx_word' id='word_1_571' title='bbox 1678 2149 1802 2178; x_wconf 80' lang='lat' dir='ltr'>traditur3</span> <span class='ocrx_word' id='word_1_572' title='bbox 1830 2156 1892 2180; x_wconf 80' lang='lat' dir='ltr'>quae</span> 
     </span>
     <span class='ocr_line' id='line_1_45' title="bbox 205 2191 1893 2224; baseline -0.001 -8"><span class='ocrx_word' id='word_1_573' title='bbox 205 2192 371 2224; x_wconf 85' lang='lat' dir='ltr'>transpositio</span> <span class='ocrx_word' id='word_1_574' title='bbox 391 2193 446 2216; x_wconf 89' lang='lat' dir='ltr'>sive</span> <span class='ocrx_word' id='word_1_575' title='bbox 466 2192 496 2216; x_wconf 90' lang='lat' dir='ltr'>ab</span> <span class='ocrx_word' id='word_1_576' title='bbox 515 2192 646 2224; x_wconf 67' lang='lat' dir='ltr'>archetypi</span> <span class='ocrx_word' id='word_1_577' title='bbox 667 2192 773 2216; x_wconf 86' lang='lat' dir='ltr'>librario</span> <span class='ocrx_word' id='word_1_578' title='bbox 794 2192 849 2215; x_wconf 86' lang='lat' dir='ltr'>sivc</span> <span class='ocrx_word' id='word_1_579' title='bbox 869 2192 898 2215; x_wconf 86' lang='lat' dir='ltr'>ab</span> <span class='ocrx_word' id='word_1_580' title='bbox 918 2192 1058 2223; x_wconf 82' lang='lat' dir='ltr'>antiquiore</span> <span class='ocrx_word' id='word_1_581' title='bbox 1076 2192 1160 2223; x_wconf 85' lang='lat' dir='ltr'>aliquo</span> <span class='ocrx_word' id='word_1_582' title='bbox 1180 2192 1243 2216; x_wconf 80' lang='lat' dir='ltr'>facta</span> <span class='ocrx_word' id='word_1_583' title='bbox 1265 2196 1318 2223; x_wconf 83' lang='lat' dir='ltr'>est,</span> <span class='ocrx_word' id='word_1_584' title='bbox 1341 2192 1463 2216; x_wconf 75' lang='lat' dir='ltr'>facillimo</span> <span class='ocrx_word' id='word_1_585' title='bbox 1483 2200 1570 2216; x_wconf 87' lang='lat' dir='ltr'>errore</span> <span class='ocrx_word' id='word_1_586' title='bbox 1591 2191 1745 2223; x_wconf 83' lang='lat' dir='ltr'>explicatur:</span> <span class='ocrx_word' id='word_1_587' title='bbox 1776 2199 1830 2215; x_wconf 85' lang='lat' dir='ltr'>nam</span> <span class='ocrx_word' id='word_1_588' title='bbox 1850 2192 1893 2216; x_wconf 87' lang='lat' dir='ltr'>ille</span> 
     </span>
     <span class='ocr_line' id='line_1_46' title="bbox 205 2235 1894 2267; baseline 0.001 -9"><span class='ocrx_word' id='word_1_589' title='bbox 205 2239 334 2267; x_wconf 85' lang='lat' dir='ltr'>postquam</span> <span class='ocrx_word' id='word_1_590' title='bbox 354 2242 453 2258; x_wconf 81' lang='lat' dir='ltr'>versum</span> <span class='ocrx_word' id='word_1_591' title='bbox 471 2236 499 2259; x_wconf 71' lang='lat'>115</span> <span class='ocrx_word' id='word_1_592' title='bbox 524 2235 627 2266; x_wconf 79' lang='lat' dir='ltr'>scripsit</span> <span class='ocrx_word' id='word_1_593' title='bbox 653 2243 666 2259; x_wconf 90' lang='lat' dir='ltr'>a</span> <span class='ocrx_word' id='word_1_594' title='bbox 690 2235 786 2259; x_wconf 84' lang='lat' dir='ltr'>litteris</span> <span class='ocrx_word' id='word_1_595' title='bbox 806 2235 877 2259; x_wconf 76' lang='lat' dir='ltr'>⁵-ella</span> <span class='ocrx_word' id='word_1_596' title='bbox 898 2239 907 2259; x_wconf 92' lang='lat' dir='ltr'>t</span> <span class='ocrx_word' id='word_1_597' title='bbox 926 2236 1010 2267; x_wconf 85' lang='lat' dir='ltr'>[supra</span> <span class='ocrx_word' id='word_1_598' title='bbox 1030 2235 1123 2266; x_wconf 87' lang='lat' dir='ltr'>scripto</span> <span class='ocrx_word' id='word_1_599' title='bbox 1143 2236 1282 2267; x_wconf 72' lang='lat' dir='ltr'>compendii</span> <span class='ocrx_word' id='word_1_600' title='bbox 1302 2236 1382 2266; x_wconf 77' lang='lat' dir='ltr'>signo]</span> <span class='ocrx_word' id='word_1_601' title='bbox 1402 2239 1441 2259; x_wconf 82' lang='lat' dir='ltr'>est</span> <span class='ocrx_word' id='word_1_602' title='bbox 1460 2236 1523 2267; x_wconf 81' lang='lat' dir='ltr'>[cp.]’</span> <span class='ocrx_word' id='word_1_603' title='bbox 1548 2235 1678 2259; x_wconf 85' lang='lat' dir='ltr'>aberravit</span> <span class='ocrx_word' id='word_1_604' title='bbox 1702 2236 1732 2259; x_wconf 79' lang='lat' dir='ltr'>nd</span> <span class='ocrx_word' id='word_1_605' title='bbox 1761 2239 1894 2267; x_wconf 80' lang='lat' dir='ltr'>sequentes</span> 
     </span>
     <span class='ocr_line' id='line_1_47' title="bbox 207 2277 999 2310; baseline 0 -8"><span class='ocrx_word' id='word_1_606' title='bbox 207 2278 262 2302; x_wconf 87' lang='lat' dir='ltr'>‘illa</span> <span class='ocrx_word' id='word_1_607' title='bbox 283 2277 312 2308; x_wconf 68' lang='lat' dir='ltr'>t&#39;3</span> <span class='ocrx_word' id='word_1_608' title='bbox 333 2278 432 2308; x_wconf 70' lang='lat' dir='ltr'>cognitu</span> <span class='ocrx_word' id='word_1_609' title='bbox 453 2285 540 2301; x_wconf 85' lang='lat' dir='ltr'>errore</span> <span class='ocrx_word' id='word_1_610' title='bbox 559 2278 683 2301; x_wconf 81' lang='lat' dir='ltr'>distichon</span> <span class='ocrx_word' id='word_1_611' title='bbox 704 2279 821 2302; x_wconf 84' lang='lat' dir='ltr'>omissum</span> <span class='ocrx_word' id='word_1_612' title='bbox 840 2278 999 2310; x_wconf 83' lang='lat' dir='ltr'>interposuit.</span> 
     </span>
    </p>

    <p class='ocr_par' dir='ltr' id='par_1_13' title="bbox 204 2315 1893 2523">
     <span class='ocr_line' id='line_1_48' title="bbox 347 2315 1892 2352; baseline 0 -8"><span class='ocrx_word' id='word_1_613' title='bbox 347 2321 365 2349; x_wconf 87' lang='lat'>⁷)</span> <span class='ocrx_word' id='word_1_614' title='bbox 393 2320 459 2344; x_wconf 85' lang='lat' dir='ltr'>Dicit</span> <span class='ocrx_word' id='word_1_615' title='bbox 481 2321 522 2345; x_wconf 88' lang='lat' dir='ltr'>ille</span> <span class='ocrx_word' id='word_1_616' title='bbox 542 2321 640 2352; x_wconf 87' lang='lat' dir='ltr'>quidem</span> <span class='ocrx_word' id='word_1_617' title='bbox 660 2329 697 2352; x_wconf 80' lang='lat' dir='ltr'>pg.</span> <span class='ocrx_word' id='word_1_618' title='bbox 714 2322 789 2345; x_wconf 74' lang='lat'>1546:</span> <span class='ocrx_word' id='word_1_619' title='bbox 809 2321 867 2345; x_wconf 77' lang='lat' dir='ltr'>‘Der</span> <span class='ocrx_word' id='word_1_620' title='bbox 881 2320 951 2345; x_wconf 86' lang='lat' dir='ltr'>Verf.</span> <span class='ocrx_word' id='word_1_621' title='bbox 971 2322 1039 2352; x_wconf 78' lang='lat' dir='ltr'>tr&#39;agt</span> <span class='ocrx_word' id='word_1_622' title='bbox 1058 2321 1112 2345; x_wconf 82' lang='lat' dir='ltr'>einc</span> <span class='ocrx_word' id='word_1_623' title='bbox 1132 2329 1194 2351; x_wconf 76' lang='lat' dir='ltr'>ganz</span> <span class='ocrx_word' id='word_1_624' title='bbox 1214 2330 1275 2346; x_wconf 85' lang='lat' dir='ltr'>neue</span> <span class='ocrx_word' id='word_1_625' title='bbox 1290 2322 1395 2346; x_wconf 78' lang='lat' dir='ltr'>Ansicht</span> <span class='ocrx_word' id='word_1_626' title='bbox 1414 2329 1470 2345; x_wconf 88' lang='lat' dir='ltr'>vom</span> <span class='ocrx_word' id='word_1_627' title='bbox 1490 2321 1616 2345; x_wconf 80' lang='lat' dir='ltr'>Zustande</span> <span class='ocrx_word' id='word_1_628' title='bbox 1635 2321 1679 2345; x_wconf 87' lang='lat' dir='ltr'>der</span> <span class='ocrx_word' id='word_1_629' title='bbox 1699 2315 1892 2351; x_wconf 78' lang='lat' dir='ltr'>Uberlieserung</span> 
     </span>
     <span class='ocr_line' id='line_1_49' title="bbox 205 2363 1893 2396; baseline 0 -9"><span class='ocrx_word' id='word_1_630' title='bbox 205 2365 248 2388; x_wconf 82' lang='lat' dir='ltr'>des</span> <span class='ocrx_word' id='word_1_631' title='bbox 268 2372 357 2396; x_wconf 88' lang='lat' dir='ltr'>corpus</span> <span class='ocrx_word' id='word_1_632' title='bbox 376 2363 546 2388; x_wconf 89' lang='lat' dir='ltr'>Tibullianum</span> <span class='ocrx_word' id='word_1_633' title='bbox 567 2371 626 2394; x_wconf 84' lang='lat' dir='ltr'>vor,</span> <span class='ocrx_word' id='word_1_634' title='bbox 654 2365 707 2395; x_wconf 84' lang='lat' dir='ltr'>die,</span> <span class='ocrx_word' id='word_1_635' title='bbox 735 2364 794 2388; x_wconf 76' lang='lat' dir='ltr'>falls</span> <span class='ocrx_word' id='word_1_636' title='bbox 818 2364 853 2388; x_wconf 86' lang='lat' dir='ltr'>sie</span> <span class='ocrx_word' id='word_1_637' title='bbox 879 2364 930 2388; x_wconf 84' lang='lat' dir='ltr'>sich</span> <span class='ocrx_word' id='word_1_638' title='bbox 949 2365 986 2388; x_wconf 82' lang='lat' dir='ltr'>als</span> <span class='ocrx_word' id='word_1_639' title='bbox 1005 2364 1098 2395; x_wconf 83' lang='lat' dir='ltr'>richtig</span> <span class='ocrx_word' id='word_1_640' title='bbox 1117 2364 1239 2389; x_wconf 81' lang='lat' dir='ltr'>erweiscn</span> <span class='ocrx_word' id='word_1_641' title='bbox 1260 2365 1334 2395; x_wconf 68' lang='lat' dir='ltr'>hirst,</span> <span class='ocrx_word' id='word_1_642' title='bbox 1361 2365 1418 2389; x_wconf 78' lang='lat' dir='ltr'>ciue</span> <span class='ocrx_word' id='word_1_643' title='bbox 1439 2364 1608 2395; x_wconf 74' lang='lat' dir='ltr'>vollstiindige</span> <span class='ocrx_word' id='word_1_644' title='bbox 1629 2364 1781 2388; x_wconf 74' lang='lat' dir='ltr'>Revolution</span> <span class='ocrx_word' id='word_1_645' title='bbox 1802 2364 1826 2388; x_wconf 89' lang='lat' dir='ltr'>in</span> <span class='ocrx_word' id='word_1_646' title='bbox 1847 2364 1893 2388; x_wconf 86' lang='lat' dir='ltr'>der</span> 
     </span>
     <span class='ocr_line' id='line_1_50' title="bbox 204 2407 1892 2440; baseline -0.001 -9"><span class='ocrx_word' id='word_1_647' title='bbox 204 2407 373 2432; x_wconf 86' lang='lat' dir='ltr'>Tibullkritik</span> <span class='ocrx_word' id='word_1_648' title='bbox 401 2407 567 2432; x_wconf 66' lang='lat' dir='ltr'>herrm-rusca</span> <span class='ocrx_word' id='word_1_649' title='bbox 598 2407 668 2431; x_wconf 75' lang='lat' dir='ltr'>murs·</span> <span class='ocrx_word' id='word_1_650' title='bbox 697 2411 721 2431; x_wconf 89' lang='lat' dir='ltr'>et</span> <span class='ocrx_word' id='word_1_651' title='bbox 750 2416 787 2440; x_wconf 83' lang='lat' dir='ltr'>pg.</span> <span class='ocrx_word' id='word_1_652' title='bbox 805 2408 879 2432; x_wconf 60' lang='lat'>1545:</span> <span class='ocrx_word' id='word_1_653' title='bbox 905 2408 986 2431; x_wconf 75' lang='lat' dir='ltr'>‘wcnu</span> <span class='ocrx_word' id='word_1_654' title='bbox 1007 2407 1123 2431; x_wconf 76' lang='lat' dir='ltr'>wirklich</span> <span class='ocrx_word' id='word_1_655' title='bbox 1151 2408 1195 2431; x_wconf 86' lang='lat' dir='ltr'>der</span> <span class='ocrx_word' id='word_1_656' title='bbox 1216 2408 1312 2431; x_wconf 79' lang='lat' dir='ltr'>Bewcis</span> <span class='ocrx_word' id='word_1_657' title='bbox 1340 2408 1458 2432; x_wconf 80' lang='lat' dir='ltr'>erbracht</span> <span class='ocrx_word' id='word_1_658' title='bbox 1477 2408 1558 2437; x_wconf 56' lang='lat' dir='ltr'>wan-e,</span> <span class='ocrx_word' id='word_1_659' title='bbox 1586 2415 1611 2431; x_wconf 88' lang='lat' dir='ltr'>es</span> <span class='ocrx_word' id='word_1_660' title='bbox 1640 2407 1676 2431; x_wconf 82' lang='lat' dir='ltr'>sei</span> <span class='ocrx_word' id='word_1_661' title='bbox 1703 2415 1730 2431; x_wconf 84' lang='lat' dir='ltr'>so</span> <span class='ocrx_word' id='word_1_662' title='bbox 1756 2407 1804 2430; x_wconf 89' lang='lat' dir='ltr'>und</span> <span class='ocrx_word' id='word_1_663' title='bbox 1824 2407 1892 2431; x_wconf 88' lang='lat' dir='ltr'>nicht</span> 
     </span>
     <span class='ocr_line' id='line_1_51' title="bbox 205 2449 1892 2484; baseline 0 -10"><span class='ocrx_word' id='word_1_664' title='bbox 205 2451 303 2480; x_wconf 79' lang='lat' dir='ltr'>andei-s,</span> <span class='ocrx_word' id='word_1_665' title='bbox 322 2450 428 2484; x_wconf 80' lang='lat' dir='ltr'>miil&#39;sten</span> <span class='ocrx_word' id='word_1_666' title='bbox 450 2451 497 2474; x_wconf 78' lang='lat' dir='ltr'>wir</span> <span class='ocrx_word' id='word_1_667' title='bbox 516 2458 560 2474; x_wconf 84' lang='lat' dir='ltr'>uns</span> <span class='ocrx_word' id='word_1_668' title='bbox 581 2451 626 2474; x_wconf 81' lang='lat' dir='ltr'>wie</span> <span class='ocrx_word' id='word_1_669' title='bbox 646 2450 681 2474; x_wconf 68' lang='lat' dir='ltr'>oft</span> <span class='ocrx_word' id='word_1_670' title='bbox 702 2451 743 2475; x_wconf 87' lang='lat' dir='ltr'>mit</span> <span class='ocrx_word' id='word_1_671' title='bbox 765 2450 898 2481; x_wconf 78' lang='lat' dir='ltr'>Ergobnng</span> <span class='ocrx_word' id='word_1_672' title='bbox 918 2450 940 2473; x_wconf 93' lang='lat' dir='ltr'>in</span> <span class='ocrx_word' id='word_1_673' title='bbox 961 2450 1005 2474; x_wconf 90' lang='lat' dir='ltr'>das</span> <span class='ocrx_word' id='word_1_674' title='bbox 1025 2450 1238 2475; x_wconf 79' lang='lat' dir='ltr'>[laabiindcrlichc</span> <span class='ocrx_word' id='word_1_675' title='bbox 1258 2450 1331 2481; x_wconf 70' lang='lat' dir='ltr'>stigen</span> <span class='ocrx_word' id='word_1_676' title='bbox 1356 2451 1403 2474; x_wconf 92' lang='lat' dir='ltr'>und</span> <span class='ocrx_word' id='word_1_677' title='bbox 1424 2450 1463 2475; x_wconf 88' lang='lat' dir='ltr'>die</span> <span class='ocrx_word' id='word_1_678' title='bbox 1482 2449 1649 2474; x_wconf 75' lang='lat' dir='ltr'>Tibullkritik</span> <span class='ocrx_word' id='word_1_679' title='bbox 1669 2450 1759 2474; x_wconf 76' lang='lat' dir='ltr'>kiinntc</span> <span class='ocrx_word' id='word_1_680' title='bbox 1778 2449 1832 2474; x_wconf 84' lang='lat' dir='ltr'>sich</span> <span class='ocrx_word' id='word_1_681' title='bbox 1853 2450 1892 2474; x_wconf 80' lang='lat' dir='ltr'>ins</span> 
     </span>
     <span class='ocr_line' id='line_1_52' title="bbox 207 2492 381 2523; baseline 0.006 -7"><span class='ocrx_word' id='word_1_682' title='bbox 207 2492 272 2517; x_wconf 83' lang='lat' dir='ltr'>Grab</span> <span class='ocrx_word' id='word_1_683' title='bbox 293 2493 381 2523; x_wconf 78' lang='lat' dir='ltr'>legen’.</span> 
     </span>
    </p>
   </div>
  </div>
 </body>
</html>
