2112 2634
1058 126 1180 157 18—

372 216 426 247 Sod
461 226 559 246 vui-eor
593 227 627 246 ne
657 217 701 245 cui
736 226 831 245 meum
865 216 900 244 de
931 216 1022 254 ipsius
1045 216 1192 254 archetypi
1217 221 1319 245 natura
1343 216 1480 246 iudicium
1505 217 1628 255 probare
1652 217 1771 256 cupiens
1796 217 1918 247 nimium

229 274 333 311 longus
358 284 420 302 csse
445 273 549 302 videar.
596 273 679 301 Nunc
704 272 828 301 breviter
852 272 992 306 dicamus,
1024 280 1080 310 qua
1106 272 1228 306 ratione,
1259 272 1327 310 qiud
1354 272 1382 301 in
1406 272 1560 311 archetypo
1584 273 1725 311 scriptum
1750 273 1845 306 suerit,
1869 282 1919 302 ex-

229 330 402 368 plorandum
435 329 482 358 sit.
536 329 628 366 Atque
663 328 691 357 in
726 328 821 366 priore
854 327 985 366 corporis
1014 326 1168 356 Tibulliani
1204 331 1284 365 parte
1319 328 1408 357 codici
1433 329 1468 362 A,
1504 337 1590 367 quem
1626 329 1798 358 auctoritate
1833 330 1918 367 longe

228 386 387 425 principem
412 385 501 414 llillcr
532 388 609 413 rvctc
640 383 753 421 di‹:it¹),
785 384 817 412 ad
851 383 1000 422 archetypi
1031 384 1170 412 lectiones
1194 383 1411 419 cognoscendas
1435 384 1500 422 plus
1525 384 1611 413 etiam
1636 394 1723 423 quam
1747 385 1793 414 ille
1817 385 1918 414 tribuit

227 442 404 471 auctoritatis
436 440 638 475 tribuemlum‚
671 440 867 478 discrepantes
897 448 963 468 vero
995 443 1198 478 excerptorum
1225 439 1451 477 1⁴'risingensium
1483 445 1511 468 et
1535 440 1576 473 (in
1601 439 1653 469 bac
1676 440 1793 479 quidem
1824 442 1918 478 parte)

229 498 425 526 Parisinorum
461 496 619 534 scripturas
653 495 820 525 cautissime
855 495 1062 524 examinandas
1096 499 1125 524 et
1155 496 1246 524 multo
1271 496 1364 525 rarius
1391 505 1479 534 quam
1504 496 1592 524 lliller
1616 496 1683 526 fecit
1708 505 1759 535 pro
1783 496 1918 534 genuinis

226 554 330 583 Tibulli
365 553 456 582 verbis
492 552 638 582 habendas
672 561 736 581 esse
764 561 876 581 censeo.
922 551 1052 589 Namque
1076 551 1273 589 Frisingensia
1297 555 1432 590 excerpta
1457 552 1498 581 vel
1522 552 1620 590 potius
1643 561 1711 581 eum
1734 561 1768 581 ex
1791 562 1849 590 quo
1873 552 1918 581 illa

227 613 357 647 excerpta
390 613 458 638 sunt
488 608 617 637 codicem
651 618 665 636 e
697 608 849 646 plenorum
881 607 1012 637 codicum
1045 608 1199 646 archetypo
1231 607 1348 636 fluxisse
1380 608 1596 637 demonstrasse
1624 607 1767 643 videor²)·,
1797 608 1831 637 ab
1855 608 1917 637 eius

225 671 320 695 autem
356 675 388 694 ex
423 674 480 703 quo
515 668 650 702 excerpta
680 663 808 693 Parisina
843 664 996 702 desumpta
1027 668 1098 692 sunt
1129 664 1235 693 codicis
1266 664 1384 693 librario
1415 664 1519 693 librum
1551 674 1584 693 ex
1608 664 1656 693 illo
1679 664 1833 702 archetypo
1860 673 1917 693 non

226 722 400 760 pendentem
426 721 455 750 in
479 720 532 750 hac
556 725 636 759 parte
660 720 821 749 adhibitum
845 730 911 749 esse
942 720 1034 749 evinci
1064 729 1122 749 non
1147 730 1233 759 posse
1256 719 1445 757 contend0³).
1491 721 1585 758 Atque
1615 720 1685 749 mihi
1716 720 1833 758 quidem
1858 719 1916 748 veri

224 778 316 807 simile
340 782 383 806 est
406 777 464 806 duo
489 781 600 806 tantum
626 776 729 806 Tibulli
755 777 927 815 exemplaria
958 777 991 805 ad
1023 776 1148 806 mediam
1173 785 1246 815 quae
1270 776 1376 805 dicitur
1399 780 1523 805 aetatem
1546 780 1658 805 servata
1681 785 1758 811 csse,
1792 776 1916 805 alterum

225 833 459 870 detruncatum⁴)
482 833 558 871 quod
584 832 691 862 Cuiacii
714 833 779 867 fuit,
803 832 926 862 alterum
952 832 1156 870 lacunosum)
1180 841 1265 870 quem
1291 832 1398 861 librum
1422 832 1517 861 littera
1542 836 1552 861 t
1574 832 1740 870 significavi.

367 889 423 918 lam
449 898 524 923 cum,
549 898 606 927 quo
631 889 724 918 maior
747 888 852 918 debeat
874 898 938 918 esse
961 888 1069 918 codicis
1093 889 1113 917 A
1139 888 1306 922 auctoritas,
1331 897 1364 917 eo
1389 888 1479 926 magis
1502 889 1620 918 intersit
1635 888 1671 918 de
1688 888 1749 918 eius
1766 887 1917 926 scripturis

225 951 252 974 et
277 950 352 974 recta
377 945 449 974 tradi
472 949 501 974 et
524 949 601 974 recte
625 945 760 979 iudicari,
794 944 1045 974 adnotatiunculae
1078 944 1233 982 quasdam,
1264 953 1330 973 cum
1360 944 1466 974 iterum
1497 944 1626 974 codicem
1652 945 1671 973 Α
1697 948 1862 974 excuterem
1888 948 1918 972 et

225 1011 289 1031 cum
314 1001 414 1031 Hilleri
437 1001 565 1030 editione
589 1010 797 1039 compararem,
823 1002 910 1030 factas
933 1001 962 1030 in
988 1000 1116 1030 medium
1142 1000 1272 1039 proferre
1296 1001 1399 1030 audeo.

366 1057 493 1087 Carmini
516 1057 562 1086 13
593 1057 622 1086 in
653 1058 751 1087 codice
774 1058 797 1086 Α
828 1057 1039 1096 praescriptum
1072 1066 1136 1086 esse
1160 1057 1210 1086 ‘Ad
1235 1056 1383 1086 Messalam
1408 1057 1599 1095 conqueritur
1622 1056 1699 1095 quod
1723 1056 1799 1095 apud
1824 1057 1916 1085 feacas

225 1114 274 1151 egi
299 1118 375 1143 utet
397 1113 460 1143 etc.’
482 1113 602 1142 tradidit
626 1113 784 1142 Baehrens.
816 1113 857 1142 Eo
880 1113 1065 1152 potissimum
1089 1112 1222 1151 exemplo
1248 1113 1337 1142 utitur
1356 1113 1505 1151 Philippus
1521 1112 1686 1147 Illiiiann⁵l‚
1712 1117 1743 1141 ut
1767 1112 1915 1141 librarium

224 1169 287 1198 sine
312 1170 368 1198 ullo
391 1178 476 1198 sensu
502 1169 664 1199 litterarum
689 1169 793 1198 ductus
818 1168 1024 1198 tantummodo
1049 1168 1225 1207 depinxisse,
1249 1174 1383 1207 portenta
1402 1168 1581 1197 incredibilia
1598 1168 1769 1201 confecisse,
1794 1168 1915 1206 plurima

225 1235 298 1264 quae
333 1225 496 1264 scripsisset
530 1234 589 1254 non
620 1225 796 1255 intellexisse
824 1226 1014 1255 demonstret.
1062 1225 1133 1254 Cum
1158 1235 1173 1254 e
1196 1225 1300 1254 ceteris
1324 1234 1398 1263 quae
1421 1224 1468 1253 ille
1491 1224 1588 1253 attulit
1611 1224 1750 1263 exemplis
1774 1232 1839 1262 pars
1865 1233 1916 1262 pro

224 1281 386 1319 scripturae
422 1281 534 1310 mendis
571 1281 668 1310 haberi
704 1281 808 1320 possit,
844 1291 909 1320 pars
937 1281 1004 1319 quia
1032 1281 1062 1310 in
1086 1280 1159 1310 libro
1175 1281 1196 1310 V
1222 1290 1309 1310 manu
1334 1281 1425 1319 prima
1450 1281 1549 1310 eadem
1575 1280 1682 1319 scripta
1705 1285 1776 1309 sunt
1800 1279 1915 1309 librario

224 1337 331 1366 codicis
355 1338 377 1365 0
409 1337 506 1375 potius
537 1346 623 1376 quam
660 1337 727 1367 huic
759 1337 875 1366 crimini
903 1337 998 1366 danda
1028 1337 1078 1372 sit,
1113 1346 1218 1375 operae
1247 1337 1374 1375 pretium
1399 1341 1443 1366 est
1466 1345 1698 1366 commemorare
1722 1336 1750 1364 in
1773 1335 1871 1365 codice
1895 1336 1915 1364 A

226 1399 303 1422 recte
334 1394 475 1432 scriptum
507 1404 570 1422 esse
603 1398 752 1431 egrotet.
799 1393 957 1423 Baehrensi
983 1394 1034 1422 viri
1058 1393 1087 1422 in
1110 1392 1258 1422 codicibus
1283 1392 1462 1422 excutiendis
1486 1392 1718 1422 exercitatissimi
1742 1400 1826 1421 error
1848 1391 1916 1420 inde

227 1450 307 1479 facile
340 1450 513 1488 explicatur,
549 1451 625 1488 quod
662 1450 795 1479 librarius
830 1450 885 1479 hoc
919 1451 981 1479 loco
1017 1449 1158 1488 primum,
1193 1448 1269 1487 quod
1298 1454 1398 1487 postea
1423 1449 1539 1487 saepius
1563 1448 1646 1482 fecit,
1681 1448 1809 1477 litteram
1834 1456 1848 1476 r
1877 1447 1915 1476 ita

225 1507 354 1545 scripsit,
392 1511 422 1536 ut
457 1506 565 1536 maiore
600 1507 712 1536 litterae
747 1511 828 1545 parte
862 1511 976 1536 exarata
1012 1506 1154 1535 calamum
1189 1505 1302 1534 tolleret
1336 1509 1365 1533 et
1400 1504 1541 1534 minorem
1575 1513 1640 1533 cum
1664 1503 1798 1542 sequenti
1822 1503 1915 1532 littera

226 1563 424 1601 coniungeret.

367 1618 377 1647 1
398 1618 425 1653 3,
448 1618 491 1646 12.
537 1620 608 1648 (luni
642 1618 673 1647 L.
696 1618 826 1651 Mueller,
856 1618 963 1656 Haupt,
988 1617 1095 1647 Vahlen
1125 1616 1231 1646 Mureti
1258 1616 1458 1646 coniecturam
1483 1615 1585 1645 ‘trinis'
1609 1615 1798 1653 recepissent,
1828 1614 1917 1644 lliller

226 1674 356 1704 codicum
391 1675 563 1712 scripturam
600 1674 709 1703 ‘triviis’
745 1674 882 1704 restituit.
927 1675 967 1703 Ao
995 1673 1199 1703 Lachmannus
1230 1673 1346 1711 quidem
1378 1681 1446 1702 suae
1475 1672 1612 1701 editionis
1642 1671 1770 1700 rationes
1798 1676 1916 1701 secutus

225 1730 300 1759 idem
336 1734 414 1759 recte
447 1730 528 1765 fecit3
564 1730 702 1759 {lillerum
735 1730 772 1760 ita
802 1740 916 1759 versum
941 1730 1108 1759 exhibuisse
1132 1734 1175 1759 est
1198 1729 1276 1767 quod
1302 1729 1453 1757 mirenmr.
1499 1728 1572 1757 Nam
1597 1736 1683 1766 quam
1708 1736 1768 1756 non
1792 1731 1854 1766 apta
1878 1727 1916 1756 sit

226 1786 294 1815 baec
317 1796 383 1820 vox,
414 1795 474 1815 non
498 1786 593 1815 solum
618 1796 632 1815 e
656 1786 833 1824 gravissimis
858 1787 912 1816 illis
937 1787 1116 1825 argumentis
1144 1795 1219 1825 quae
1247 1795 1309 1815 eam
1336 1785 1536 1824 improbantes
1561 1784 1775 1819 Broulthusius,
1808 1784 1915 1822 Heyne,

226 1843 296 1871 Voss
320 1841 548 1879 contulei·unt⁴³),
575 1842 625 1871 sed
649 1843 734 1871 etiam
759 1852 774 1871 e
800 1847 930 1872 tortuosa
954 1852 1010 1882 qua
1035 1842 1165 1881 Vulpins,
1191 1841 1387 1875 Wunder-heb,
1418 1841 1495 1871 Bach
1518 1850 1580 1870 eam
1605 1840 1801 1870 defendebant
1823 1840 1916 1869 inter-

226 1898 388 1936 pretatione
419 1898 487 1927 satis
515 1898 651 1935 cognosci
682 1899 802 1928 videtur.
849 1899 967 1929 Accedit
995 1903 1198 1936 argumentum
1228 1898 1374 1936 quoddam
1402 1897 1437 1927 ab
1461 1897 1515 1927 illis
1540 1897 1712 1935 neglectum.
1759 1896 1790 1925 ln
1814 1896 1915 1925 eodem

225 1954 302 1982 enim
328 1963 413 1983 versu
440 1954 558 1983 ‘omina⁷
587 1954 674 1984 scribi
706 1955 792 1988 solet3
826 1960 855 1985 at
889 1955 918 1984 in
954 1955 1103 1985 codicibus
1127 1954 1265 1993 (y)⁷)cd
1300 1954 1454 1992 aliisque⁸)
1483 1953 1623 1992 scriptum
1652 1957 1697 1982 est
1726 1951 1852 1986 ‘omnia’‚
1886 1952 1915 1981 in

366 2047 387 2075 ¹)
415 2046 493 2078 praef.
514 2055 552 2078 pg.
565 2047 594 2071 V.
631 2047 755 2071 Baehrens
783 2055 804 2072 a.
826 2048 889 2072 1876
915 2047 1084 2076 (Tibullische
1105 2046 1210 2076 matter,
1237 2048 1332 2078 pg.150)
1355 2046 1385 2070 de
1408 2047 1461 2070 eius
1486 2046 1640 2078 praestantia
1668 2046 1765 2070 rectius
1793 2045 1916 2069 iudicavit

225 2097 295 2121 quam
316 2094 417 2122 reperto
437 2089 503 2113 libro
524 2089 735 2123 Guelferbytauo.

365 2133 385 2161 ²³)
412 2132 448 2156 Cf.
469 2132 531 2164 prol.
554 2140 591 2164 pg.
606 2134 644 2157 33.
665 2135 706 2158 45.
726 2134 766 2157 57.
789 2134 898 2158 84—86.

367 2176 387 2205 ³³)
415 2176 451 2200 Cf.
471 2184 532 2208 quae
552 2177 657 2208 exposui
677 2178 701 2201 iu
723 2177 785 2209 prol.
806 2186 844 2209 pg.
859 2178 898 2200 33.
918 2178 959 2202 41.
979 2177 1086 2202 49—51.
1105 2176 1144 2200 (32.
1165 2177 1204 2199 (53.
1225 2176 1264 2200 71.
1284 2176 1323 2199 72.
1344 2176 1384 2199 75.
1405 2176 1444 2199 Π.
1464 2176 1570 2200 82-55.
1591 2176 1690 2199 Ss—st)
1715 2179 1739 2199 et
1764 2182 1826 2206 quae
1850 2173 1914 2198 infra

225 2219 304 2242 diram
328 2219 357 2242 de
377 2227 451 2242 versu
472 2218 478 2242 l
498 2221 533 2251 111,
548 2220 586 2242 49.
625 2220 739 2243 (luterum
764 2228 851 2243 moneo
872 2228 900 2243 ne
920 2220 975 2251 quis
995 2228 1024 2243 cx
1045 2220 1081 2243 eis
1100 2226 1159 2250 quas
1180 2219 1203 2242 in
1223 2223 1343 2250 apparatu
1364 2219 1455 2242 critico
1476 2218 1558 2242 Hiller
1579 2218 1677 2242 nutavit
1697 2217 1849 2242 lectionibus
1869 2225 1914 2242 ex-

226 2265 366 2293 cerptorum
387 2263 416 2285 de
437 2262 483 2285 lide
503 2266 576 2294 atque
595 2263 749 2286 auctoritate
770 2263 881 2286 iudicare
900 2263 999 2286 audeat.

369 2305 389 2332 ⁴)
417 2309 442 2328 et
462 2313 488 2328 ea
509 2306 561 2336 ipsa
581 2306 611 2329 de
631 2314 705 2329 cansa
726 2314 789 2329 nuuc
809 2306 975 2337 deperditum.

365 2348 385 2376 ⁶)
414 2348 446 2371 De
466 2347 562 2372 Tibulli
582 2348 676 2372 codicis
697 2349 857 2373 Anibi-osiaci
877 2349 1039 2378 auctoritate,
1060 2348 1129 2372 italis
1148 2348 1274 2371 Saxonum
1299 2348 1370 2376 1⁵86,
1390 2355 1426 2378 [ηε.
1444 2348 1480 2371 11.

365 2391 387 2418 U)
415 2391 570 2419 Addideriin,
589 2392 652 2423 quod
672 2393 707 2415 sic
727 2392 868 2416 sententiae
888 2396 979 2415 *sortes
998 2391 1120 2422 sustulit',
1139 2398 1185 2422 qua
1206 2391 1262 2422 quid
1283 2394 1366 2413 sortes
1385 2390 1553 2420 significarint
1573 2397 1619 2413 non
1634 2390 1736 2419 dieitur,
1759 2396 1843 2421 parum
1857 2392 1914 2420 apte

226 2434 368 2457 :nliunctuni
389 2437 456 2457 esset
476 2436 545 2466 ‘puer
564 2438 654 2458 certa
675 2435 791 2459 rettulit'.

367 2477 387 2504 ⁷)
415 2476 477 2500 Vide
497 2485 558 2508 quac
578 2478 607 2501 «le
628 2478 673 2501 hoc
693 2478 779 2501 codice
799 2477 863 2502 inl'ra
884 2478 986 2501 dicenda
1007 2481 1071 2500 sunt.

366 2520 386 2546 ⁴⁴)
414 2519 449 2542 (Jt'.
472 2520 673 2544 broukhus-ianae
693 2521 814 2544 editionis
835 2529 872 2551 pg.
887 2522 941 2545 412.
