2112 2634
933 87 1135 117 -14-

196 178 371 207 sententiam
389 177 542 215 explanare
560 176 635 205 velit.
667 176 737 205 Nam
761 175 784 204 si
811 175 873 204 ‘bic'
899 176 1123 214 interpretamur
1147 176 1209 205 *lioc
1232 176 1313 209 loco',
1339 176 1408 205 milii
1433 176 1551 215 quidem
1576 176 1758 206 difficultates
1781 176 1880 214 augeri

196 233 291 272 potius
315 242 400 272 quam
427 233 518 261 minui
542 232 687 261 videntur.

337 288 427 323 ⁶1115,
447 289 478 316 11
509 288 543 317 ist
567 288 617 317 der
637 287 778 319 Versum,
810 288 859 316 das
887 287 938 316 der
962 280 1180 326 Uberliel'erung
1203 297 1249 317 am
1274 288 1414 317 niiclisten
1439 288 1578 317 steliende
1601 289 1756 326 sacrilegos
1779 298 1879 327 aegros

196 355 230 374 zu
264 345 376 377 hatten,
411 344 483 372 wolil
519 344 706 381 misslungen.
760 343 810 371 Die
838 343 1023 381 Verbindung
1058 344 1108 375 ist.
1145 353 1227 372 wenn
1264 344 1430 382 uberhaupt
1464 345 1629 378 lateinisch,
1664 345 1764 382 gewiss
1799 344 1881 374 nicht

195 400 352 430 Tibullisch
377 401 433 429 und
459 400 508 428 das
533 400 667 429 Prsidiliat
689 399 864 429 admovimus
887 400 963 437 passt
988 399 1067 428 nicht
1091 399 1180 429 dazu’.
1227 400 1302 429 llaec
1326 400 1444 438 Magnus
1470 402 1526 439 (pg.
1547 400 1647 431 1549».
1695 400 1753 437 Ego
1777 409 1881 439 quam-

195 466 282 495 quam
307 455 391 485 verba
415 456 575 494 antiquitus
599 460 732 494 corrupta
758 465 821 484 esse
846 465 930 494 posse
955 464 1013 484 non
1037 464 1120 493 nego,
1144 456 1318 494 scripturam
1336 465 1401 484 cum
1419 456 1566 485 codicibus
1584 465 1676 494 paene
1693 457 1879 485 consentien-

197 518 264 547 tem,
288 518 415 542 ceterum
442 522 477 541 ne
502 512 570 540 mihi
594 511 711 550 quidem
737 520 910 550 magnopere
934 512 1095 550 placentem
1121 512 1155 540 de
1177 522 1261 541 causa
1287 512 1314 540 in
1338 512 1409 550 prol.
1428 511 1579 551 pg.89sq.
1599 513 1730 551 exposita
1751 513 1880 551 vulgatae

196 570 378 599 coniecturae
401 573 549 607 praestare
574 567 716 596 existimo.
748 567 929 596 Adiectivum
954 567 1030 605 quod
1056 571 1098 596 est
1123 567 1219 604 ‘aegri'
1245 576 1296 605 pro
1313 568 1495 597 substantivo
1511 573 1684 606 usurpatum
1702 578 1716 597 a
1735 568 1880 607 Lygdamo

196 644 235 647 —
259 635 353 664 neque
385 625 461 654 enim
491 624 524 653 de
549 623 654 652 Tibulli
678 623 774 652 verbis
798 623 893 660 agitur
916 641 955 644 —
979 623 1109 652 excusari
1135 633 1218 662 posse
1243 623 1313 652 mihi
1337 623 1450 652 videtur
1474 624 1653 662 comparanti
1677 633 1743 653 cum
1768 624 1823 653 Cic.
1848 624 1882 653 de

196 683 315 711 deorum
340 686 443 710 natura
468 680 489 708 ΙΙ
513 680 541 713 4,
563 679 630 716 12¹)
655 684 682 708 et
713 680 747 708 de
772 679 826 708 div.
850 679 874 708 ΙΙ
895 679 922 713 3,
946 678 995 717 9²)
1023 684 1086 708 tum
1110 679 1215 708 Tibulli
1240 688 1355 708 versum
1380 680 1391 708 Ι
1412 680 1435 711 l,
1453 679 1532 716 39³).
1579 680 1757 709 Admovendi
1784 685 1881 709 autem

196 738 315 767 verbum
341 737 375 766 de
398 736 502 774 aegris,
525 736 573 774 qui
598 745 663 765 cum
687 745 718 765 se
743 735 797 774 ipsi
822 744 936 764 movere
960 744 1019 764 non
1044 735 1158 774 possint
1181 735 1215 764 ab
1239 735 1300 764 aliis
1325 736 1517 765 admovemur
1540 736 1656 774 templis
1677 741 1709 765 ut
1725 736 1784 765 loca
1802 745 1882 765 sacra

196 793 367 833 corporibus
389 792 544 830 attingant,
568 801 581 820 a
606 791 751 830 Lygdamo
777 792 911 829 usurpari
936 791 1065 829 potuisse
1089 792 1224 830 equidem
1248 791 1345 821 credo.

337 849 483 884 Quoniam
509 857 557 877 cos
582 848 616 876 de
640 847 746 886 quibus
770 848 825 881 Cr..
850 847 979 885 Magnus,
1003 847 1157 876 Rothstein
1182 848 1212 876 in
1236 847 1291 877 illis
1316 848 1449 877 censuris
1474 857 1546 876 nova
1575 848 1760 886 protulerunt
1784 857 1882 877 versus

196 905 418 943 recognovimus
443 913 555 937 omnes,
580 904 636 932 iam
661 908 851 941 conspectum
876 904 1020 942 quendam
1038 912 1236 942 proponamus
1253 912 1354 932 eorum
1372 903 1513 934 locorum.
1538 903 1643 941 quibus
1660 903 1766 933 codicis
1782 903 1883 933 arche-

197 962 254 1000 typi
279 961 427 990 librarium
452 960 680 998 interpolantem
705 959 897 998 ‹leprendisse
921 959 1063 989 videmur.

337 1018 377 1046 Ac
400 1016 525 1056 primum
550 1016 667 1054 quidem
693 1025 726 1044 ex
750 1015 852 1044 ordine
876 1015 1053 1044 enumerabo
1078 1024 1125 1044 eos
1149 1024 1251 1044 versus
1274 1024 1347 1053 quos
1371 1016 1398 1044 in
1428 1015 1533 1044 codicis
1559 1020 1569 1044 t
1598 1015 1767 1054 paginarum
1801 1024 1882 1044 com-

198 1073 329 1102 missuris
352 1073 477 1111 scriptos
503 1072 586 1101 variis
611 1071 722 1101 casibus
746 1072 784 1100 ita
808 1072 850 1099 vel
875 1075 1025 1100 truncatos
1050 1072 1090 1100 vel
1116 1071 1263 1100 mutilatos
1287 1081 1350 1100 esse
1377 1075 1462 1109 puto.
1494 1076 1525 1100 ut
1558 1071 1690 1100 librarius
1721 1071 1849 1100 codicem
1874 1075 1884 1100 t

196 1129 363 1158 describens
386 1128 603 1166 interpolatoris
627 1128 756 1156 officium
780 1127 929 1165 suscipere
949 1126 1142 1165 coge1·etur⁴).
1188 1127 1310 1166 Scripsit
1334 1127 1436 1165 igitur:

465 1204 475 1232 Ι
493 1203 520 1239 3,
538 1204 590 1232 50:
636 1212 715 1232 nnnc
738 1213 818 1232 mare
843 1213 921 1232 nunc
944 1203 993 1232 leci
1013 1203 1090 1232 mille
1111 1208 1224 1241 repenle
1246 1203 1337 1239 m‘ae5)

494 1260 521 1294 4,
538 1260 591 1288 44:
637 1264 787 1288 venturam
810 1259 995 1297 annunti‹1t“)
1019 1259 1150 1288 imbrifer
1173 1268 1256 1288 arcus
1280 1269 1383 1298 aquam

494 1316 522 1350 4,
539 1315 592 1344 59:
638 1318 696 1345 iam
720 1315 781 1353 ΜΤ)
805 1315 852 1354 qui
879 1325 1013 1344 venerem
1039 1316 1164 1345 docuisti
1189 1316 1314 1345 vendere
1338 1315 1450 1354 primus

494 1372 522 1406 5,
541 1370 594 1400 33:
639 1377 664 1400 et
686 1377 796 1401 tantum
818 1376 953 1400 venerata
976 1373 1070 1400 virum
1093 1371 1172 1400 hunc
1194 1371 1291 1400 sedula
1317 1375 1400 1400 curet

494 1428 521 1461 5,
539 1427 592 1456 47:
638 1428 708 1456 haec
732 1436 856 1456 nocuere
881 1427 950 1456 mibi
975 1428 1047 1466 quod
1070 1428 1146 1457 adest
1168 1428 1231 1457 lmic
1254 1428 1331 1456 clives
1353 1433 1464 1456 (tutator

495 1482 522 1517 6,
540 1482 593 1511 4⁶2:
638 1488 687 1512 stet
707 1483 810 1521 procul
832 1488 882 1512 aut
904 1483 962 1512 alia
986 1488 1043 1512 stet
1067 1484 1165 1521 procul
1191 1488 1257 1511 ante
1283 1483 1325 1511 via

493 1538 522 1570 6,
540 1538 592 1567 72:
637 1541 775 1569 inmerito
794 1542 919 1578 propriis
943 1539 1147 1578 proripiorque
1172 1540 1228 1568 vias

495 1595 522 1629 7,
540 1594 593 1623 56:
640 1600 741 1633 augeat
765 1600 789 1623 et
812 1598 887 1624 circa
910 1601 960 1624 stet
984 1596 1145 1625 veneranda
1167 1605 1259 1625 senem

455 1650 478 1679 ll
499 1652 523 1683 1,
541 1650 594 1680 58:
641 1651 698 1680 dux
722 1652 835 1689 pecoris
858 1651 952 1681 hircus
975 1656 1097 1681 auaeerat
1124 1651 1218 1680 hircus
1241 1660 1303 1680 oves

494 1705 522 1739 2,
539 1707 592 1735 21:
636 1706 679 1736 ln'c
702 1708 795 1736 veniat
816 1707 920 1737 natalis
942 1710 1004 1737 avis
1026 1708 1197 1746 prolemque
1222 1707 1369 1736 ministret

495 1761 522 1791 3.
539 1762 592 1791 34:
640 1763 764 1801 imperat
786 1768 816 1792 ut
839 1768 936 1792 nostra
958 1765 1014 1793 sint
1035 1769 1086 1792 tua
1107 1768 1200 1792 castra
1223 1764 1303 1792 «Ionio

494 1817 523 1852 3,
540 1818 594 1847 61:
639 1823 668 1847 at
692 1818 743 1847 tibi
767 1819 839 1848 dura
862 1829 940 1857 seyes
966 1819 1111 1848 Nemesim
1137 1821 1189 1857 qui
1210 1819 1328 1848 abducis
1351 1819 1385 1848 ab
1411 1819 1480 1848 urbe

494 1874 522 1908 4,
539 1873 592 1902 37:
638 1874 706 1903 hinc
730 1875 814 1903 tletus
838 1875 974 1914 rixaeque
998 1881 1104 1904 sonant
1126 1875 1191 1904 haec
1216 1876 1330 1914 deniqne
1354 1885 1439 1905 cansa

635 1930 702 1968 fecit
725 1935 755 1959 ut
778 1931 895 1968 infamis
918 1931 960 1960 lzz'c
983 1931 1050 1960 deus
1073 1937 1139 1960 esset
1163 1931 1248 1960 Amor

495 1986 524 2019 5,
562 1986 594 2014 4:
641 1995 719 2015 nunc
743 1996 846 2025 precor
869 1988 902 2015 ad
928 1987 1028 2016 laudes
1052 1987 1168 2016 flectere
1192 1987 1276 2016 verba
1300 1996 1376 2016 meas

338 2090 358 2121 ¹)
384 2089 430 2113 ‘Ne
449 2089 519 2120 aegri
540 2089 636 2120 quidem
656 2091 710 2121 quia
731 2098 778 2114 nou
799 2098 884 2115 omues
905 2091 1094 2121 convalescunt,
1113 2091 1209 2114 idcirco
1229 2099 1271 2115 ars
1292 2091 1359 2115 nulla
1380 2090 1517 2115 medicinae
1536 2091 1591 2115 est.¹

339 2132 358 2163 2)
386 2132 494 2156 ‘Etenim
513 2132 542 2156 ad
561 2140 651 2162 aegros
672 2141 718 2156 non
740 2137 810 2157 vates
829 2136 873 2157 aut
891 2134 1012 2164 hariolos,
1032 2133 1074 2158 sed
1094 2133 1204 2157 medicos
1223 2134 1332 2157 solemus
1353 2133 1493 2158 adducere.y

338 2175 359 2206 ⁸)
387 2175 500 2199 ‘Fictilia
519 2176 668 2207 antiquus
689 2177 793 2208 primum
813 2177 860 2200 sibi
881 2176 941 2200 fecit
959 2177 1104 2207 agrestis
1125 2176 1229 2208 poeula.'

337 2219 358 2249 ⁴)
386 2218 482 2242 Versus
506 2218 513 2242 1
533 2219 561 2250 2,
579 2219 623 2249 253
652 2223 833 2251 pentametrum
857 2223 882 2244 et
906 2220 1077 2244 hexametrum
1106 2223 1161 2251 post
1185 2218 1251 2248 lio,
1265 2220 1311 2249 253
1339 2219 1398 2249 113,
1415 2220 1444 2243 75
1465 2220 1488 2243 in
1509 2219 1603 2243 codicis
1622 2223 1632 2243 t
1656 2219 1800 2251 paginarum
1820 2226 1887 2242 coin-

197 2262 313 2285 missuris
338 2261 446 2293 scriptos
470 2262 588 2286 interisse
611 2263 694 2286 credo.
731 2263 806 2287 Certe
829 2263 849 2286 si
874 2270 920 2294 qua
945 2266 1095 2294 supererant
1114 2270 1198 2286 eornm
1219 2263 1338 2293 vestigia,
1365 2263 1497 2294 archetypi
1517 2263 1624 2287 librario
1644 2270 1691 2285 nou
1712 2262 1832 2293 contigit,
1861 2264 1888 2285 ut

198 2311 288 2327 versus
308 2305 452 2328 conticeret.

339 2348 358 2378 ὃ)
385 2348 453 2378 Quae
472 2347 502 2370 ab
521 2355 559 2378 eo,
579 2356 626 2371 non
646 2356 659 2372 a
678 2348 780 2372 Tibullo
800 2348 894 2380 scripta
915 2356 968 2372 esso
988 2349 1110 2380 suspicor,
1128 2356 1156 2372 ea
1177 2349 1244 2381 typis
1264 2348 1413 2380 proclinatis
1433 2348 1594 2380 imprimenda
1614 2348 1712 2373 curavi

338 2390 358 2421 ⁶)
386 2391 440 2414 sive
458 2392 585 2414 ammittat
604 2390 645 2420 (cf.
666 2391 715 2415 Leo
736 2400 774 2423 pg.
791 2391 838 2420 18).

338 2434 357 2462 7)
387 2433 452 2458 Haec
472 2435 548 2457 verba
567 2442 621 2457 cum
641 2442 731 2458 versus
751 2435 855 2458 minoris
875 2438 1005 2458 structura
1025 2442 1133 2466 pugnare
1153 2442 1199 2457 non
1219 2435 1298 2464 inagis
1324 2434 1369 2458 ille
1389 2434 1454 2458 vidit
1476 2441 1547 2465 quum
1573 2434 1649 2457 verba
1680 2434 1704 2457 in
1730 2441 1752 2456 v.
1774 2432 1791 2456 11
1813 2433 1836 2461 3,
1855 2433 1887 2457 :34

199 2476 350 2507 interpolata
370 2477 398 2499 ad
420 2477 474 2500 eius
493 2476 596 2500 distichi
616 2477 747 2501 exordium
769 2486 815 2500 non
836 2477 959 2507 quadrare
978 2476 1020 2507 (cf.
1041 2477 1105 2508 prol.
1126 2485 1162 2508 pg.
1178 2477 1227 2507 41).
