2112 2634
445 179 480 208 ΙΙΙ
499 179 528 209 “.),
567 179 600 207 ῑιῑ
647 188 705 207 non
733 178 802 207 baec
827 178 970 217 patiemur
993 184 1018 207 ee
1042 188 1130 218 aequo
1154 177 1279 216 (nostro)

497 236 524 267 5.
563 234 594 263 3:
642 244 720 264 num,-
743 239 841 264 autem
866 235 955 264 saeris
980 235 1113 264 Baiarum
1140 234 1264 264 niaxima
1289 234 1411 272 numnis

498 291 526 323 (ἱ,
544 291 598 319 52:
644 299 812 330 conqueror
835 291 872 320 ite
896 301 911 320 a
937 300 982 319 me
1007 291 1080 320 seria
1105 291 1190 320 verba
1215 299 1314 329 precor

431 347 478 376 llll
500 348 524 379 1.
543 348 596 376 55:
642 355 694 376 nec
720 347 807 376 valuit
830 347 930 386 ci'clops
954 352 1052 385 reptos
1076 352 1207 376 avertere
1231 356 1334 375 cursus

498 404 526 437 ἶ),
569 404 597 432 l:
641 409 679 432 est
703 406 752 442 qui
773 409 801 432 te
825 403 962 432 Cvriuuw.
987 403 1047 432 dies
1072 403 1126 432 liic.
1163 403 1230 432 milii
1255 403 1407 435 sanetus¹l

340 472 512 510 Sequuntur
535 472 561 501 ei
586 472 639 501 loci
664 472 781 511 quibus.
807 477 838 501 nt
855 472 882 501 in
901 472 1112 511 prolegomenis
1129 472 1261 510 exposui,
1285 472 1470 502 iterationem
1489 473 1633 511 quandam
1652 473 1897 502 abumlantiamre

198 530 355 560 tollendam
387 529 441 559 sibi
474 539 537 559 esse
569 529 678 567 putarit
709 528 818 557 codicis
849 528 996 568 archetypi
1029 528 1204 564 inu-arius2).
1251 528 1302 557 llic
1333 529 1407 568 typis
1435 528 1578 558 inclinatis
1603 529 1745 567 impressa
1770 533 1840 558 sunt
1864 539 1895 557 ra

197 596 271 625 quae
296 586 342 615 ille
366 586 408 615 rel
434 590 564 615 mutasse
589 585 702 614 videtur
724 585 766 613 vel
791 594 856 614 cum
876 585 1102 623 interpolatione
1118 595 1168 614 sua
1186 585 1338 614 tradidisse
1356 585 1397 614 rel
1415 585 1551 614 omisisse
1569 586 1610 614 vel
1630 590 1747 614 notasse
1765 589 1897 620 tantum3

198 643 239 672 eis
263 647 360 671 aulem
385 641 454 672 locis
479 641 584 681 quibus
609 641 677 680 quid
702 641 834 671 Tibullus
861 641 1010 680 scripserit
1034 641 1203 680 ignoramus
1229 641 1313 670 verba
1338 641 1374 670 ab
1399 641 1444 670 illo
1470 642 1611 670 inculcata
1637 641 1749 671 uncinis
1773 642 1897 670 seiunxi.

202 698 419 738 Displicuerunt
444 698 530 737 igitur
553 698 608 727 illi:

473 769 480 797 l
504 769 527 802 1,
546 767 600 796 25:
644 767 699 797 iam
726 767 813 797 modo
837 770 895 797 iam
919 770 1026 806 possim
1052 772 1208 797 contentus
1233 767 1326 797 rivere
1351 777 1439 806 parvo

502 825 526 857 1.
545 823 599 853 ⁴3:
645 833 732 863 parva
757 834 839 862 seges
863 825 932 854 satis
956 830 1001 853 est
1023 826 1091 854 sucis
1113 830 1151 854 est
1175 824 1360 863 requiescere
1385 824 1458 853 lecto

500 881 528 915 3.
567 880 598 909 4:
645 880 793 910 abstineas
817 881 912 910 avidas
937 880 1013 910 Mors
1034 890 1138 920 precor
1161 886 1226 910 alra
1249 889 1353 910 manus

644 937 790 967 abstineas
814 937 891 967 Mors
915 942 977 966 atra
1001 946 1113 976 precor.

499 994 526 1027 7,
545 994 599 1023 49:
646 994 702 1023 huc
725 994 796 1023 ades
819 999 847 1023 et
867 996 982 1033 genium
1007 994 1081 1023 ludis
1105 993 1286 1032 geniumque
1310 993 1424 1022 choreis

461 1050 483 1080 ll
506 1051 528 1083 1,
546 1051 601 1080 67:
646 1051 708 1090 ipse
731 1052 858 1090 interque
879 1059 975 1089 yreyes
999 1050 1134 1089 interque
1158 1054 1290 1079 armenta
1314 1049 1426 1088 Cupido

647 1111 733 1136 natus
757 1112 785 1136 et
807 1107 966 1136 indomitas
991 1106 1096 1136 dicitur
1120 1106 1198 1136 inter
1221 1115 1310 1145 equas

501 1164 528 1197 4,
547 1162 600 1192 29:
645 1163 702 1201 [hic
726 1163 775 1192 dat
798 1163 933 1192 avaritiae
958 1163 1069 1200 causas]
1091 1167 1119 1192 et
1143 1163 1198 1191 Coa
1224 1162 1360 1201 puellis³)

447 1218 598 1252 1112,23:
643 1219 700 1249 illic
723 1229 794 1258 quas
819 1219 906 1248 mittit
930 1219 1008 1248 dives
1033 1219 1172 1248 Panchaia
1199 1228 1311 1247 merces

641 1276 744 1312 eoique
768 1275 876 1305 Arabes
900 1277 976 1306 dives
1000 1280 1028 1304 et
1051 1275 1164 1314 Assyria

498 1331 526 1363 4.
565 1331 597 1360 3:
644 1332 683 1361 ite
707 1332 808 1371 procul
832 1333 897 1361 vani
923 1332 1085 1370 salsumque
1109 1331 1229 1361 avertite
1253 1331 1346 1360 visum

642 1388 767 1418 desinite
793 1389 821 1417 in
847 1390 927 1418 υαηῐε
950 1398 1093 1427 quaerere
1117 1388 1188 1417 velle
1213 1388 1298 1417 fidem

498 1444 526 1477 4.
543 1444 599 1474 65:
644 1454 744 1474 saevus
767 1446 853 1475 Amor
876 1445 967 1475 (locuit
991 1445 1101 1474 validos
1123 1450 1259 1483 temptare
1282 1444 1422 1479 laborcsn

645 1509 749 1530 saevus
773 1503 862 1530 Amor
885 1501 984 1530 docuit
1009 1501 1128 1530 verbera
1151 1510 1236 1530 saeva
1260 1501 1318 1539 pati

497 1557 526 1591 4,
543 1556 598 1586 66:
644 1566 748 1587 saevus
771 1559 860 1586 Amor
884 1557 984 1587 docuit
1005 1557 1125 1587 verbera
1149 1566 1233 1587 saeva
1256 1557 1315 1596 pati

498 1613 527 1647 6,
571 1614 599 1642 1:
645 1614 767 1644 candide
791 1613 876 1643 Liber
899 1615 968 1643 ades

564 1669 596 1699 3:
641 1670 695 1700 huc
717 1670 813 1706 ades&
837 1675 918 1710 atque
936 1670 1008 1709 ΠΨ)
1033 1679 1131 1700 meum
1157 1670 1265 1709 pariter
1291 1670 1432 1699 medicare
1455 1670 1586 1699 dolorem

497 1725 526 1759 6,
544 1726 596 1755 21:
642 1727 774 1756 convenit
796 1727 888 1756 iratus
911 1727 1056 1756 nimium
1081 1727 1304 1765 nimiumque
1327 1736 1442 1756 severos

497 1782 525 1816 6,
541 1781 595 1811 23:
642 1783 734 1822 qualis
759 1783 803 1812 liis
827 1792 935 1822 poenas
959 1783 1051 1823 qualis
1074 1788 1260 1822 quantusque
1285 1783 1412 1812 minetur

428 1837 480 1867 1111
501 1839 525 1874 l,
543 1839 596 1868 40:
642 1848 697 1869 nec
719 1844 818 1869 tamen
843 1840 890 1869 hic
913 1846 962 1869 ant
985 1840 1028 1869 laic
1052 1839 1103 1869 tibi
1127 1840 1190 1869 laus
1216 1840 1341 1870 maiorve
1366 1840 1497 1869 minorve

341 1931 360 1963 ¹)
387 1932 431 1957 nis
456 1932 520 1956 loeis
548 1933 648 1957 collatis
678 1933 701 1957 in
731 1933 814 1965 priore
842 1933 958 1965 corporis
977 1933 1118 1957 Tibulliaui
1147 1937 1216 1965 parte
1243 1932 1339 1957 maiora
1367 1933 1454 1956 damna
1482 1931 1547 1956 facta
1573 1940 1628 1957 esse
1655 1936 1761 1965 apparet
1781 1941 1851 1964 quam
1872 1933 1894 1957 io

194 1974 291 2003 nltera;
311 1974 364 1999 fere
384 1976 449 1999 enim
470 1976 494 2000 iu
514 1976 558 2000 illa
578 1976 678 2000 dimidii
697 1980 772 2008 atque
792 1976 840 2000 toti
860 1984 949 2001 versus
969 1977 1130 2006 interierunt,
1149 1977 1173 2000 in
1193 1976 1238 2000 hac
1259 1976 1373 2006 singulae
1393 1984 1468 2000 voces
1488 1976 1644 2008 syllabaeve.
1666 1989 1697 1993 —-
1717 1977 1850 2008 Perper-am
1871 1977 1894 2000 iu

195 2018 259 2050 prol.
280 2026 319 2050 pg.
335 2019 365 2042 57
387 2019 411 2042 in
431 2019 519 2043 horum
539 2027 658 2043 versuum
677 2027 780 2044 numero
800 2019 876 2044 habui
897 2019 990 2049 v.1l4‚
1006 2021 1044 2050 10,
1068 2019 1256 2044 inconsiderate
1276 2022 1378 2044 secutus
1398 2027 1459 2050 quae
1479 2019 1503 2043 in
1525 2019 1590 2043 silus.
1609 2018 1685 2044 Rlien.
1705 2019 1756 2043 rol.
1771 2018 1896 2045 xxxvn

195 2069 234 2093 pg.
249 2062 297 2086 568
317 2061 344 2085 E.
360 2061 444 2086 Hiller
463 2062 537 2087 dixit,
567 2063 719 2087 Accuratius
738 2070 790 2086 rem
809 2063 990 2095 contemplanti
1009 2063 1109 2087 dubium
1129 2071 1176 2086 non
1197 2067 1280 2095 potest
1299 2070 1355 2087 esse
1375 2063 1433 2094 quin
1449 2070 1498 2087 vox
1512 2062 1596 2087 ‘vasti'
1610 2063 1634 2087 in
1649 2063 1787 2096 archetypo
1801 2065 1894 2095 scripta

194 2104 273 2128 fuerit
292 2109 317 2129 et
336 2105 360 2129 in
380 2113 428 2128 uuo
443 2105 497 2129 eius
511 2107 654 2138 apographo
668 2106 688 2130 0
702 2106 802 2130 librarii
817 2114 905 2130 errore
920 2107 1015 2130 omissa
1028 2107 1074 2130 sit:
1095 2107 1207 2130 traditur
1220 2106 1284 2129 euim
1299 2106 1321 2130 in
1336 2106 1466 2129 codicibus
1481 2106 1593 2130 omnibus
1608 2109 1710 2137 praeter
1723 2107 1804 2131 libros
1816 2107 1865 2132 AV
1880 2108 1895 2131 Β

194 2149 231 2177 (et
251 2147 311 2173 lusti
331 2148 413 2180 Lipsii
433 2150 574 2173 varietates
595 2150 731 2174 lectionum
752 2157 783 2174 ex
802 2150 930 2174 codicibus
950 2150 1076 2180 Romanis,
1095 2157 1156 2180 ergo
1175 2149 1285 2173 sortasse
1305 2157 1336 2173 ex
1356 2149 1409 2180 ipso
1430 2157 1525 2181 quoque
1547 2149 1611 2173 libro
1627 2150 1656 2180 Υ,
1678 2152 1826 2182 excerptas).

337 2190 358 2222 ¹²)
385 2190 572 2216 Pentametrum
601 2201 696 2225 quoque
724 2194 766 2225 qui
795 2198 851 2226 post
875 2201 974 2217 versum
998 2193 1064 2223 112⁵,
1087 2193 1134 2217 1411
1165 2201 1228 2217 nune
1257 2192 1328 2216 deest
1359 2193 1381 2216 in
1410 2193 1498 2217 codice
1521 2196 1532 2216 t
1559 2193 1694 2218 exstitisse
1721 2194 1810 2224 credo;
1840 2202 1894 2218 cum

195 2234 251 2258 eius
277 2235 375 2259 iactura
400 2242 490 2259 versus
514 2235 580 2266 113,
602 2237 652 2260 140
679 2237 800 2266 ‘ssacteus
827 2241 853 2261 et
881 2237 984 2267 mixtus]
1013 2236 1155 2266 obriguisse
1185 2234 1280 2268 liquor‘
1311 2235 1533 2267 interpolationem
1561 2237 1697 2261 cohaerere
1718 2237 1800 2261 videri
1820 2237 1893 2261 docui

198 2277 260 2309 prol.
281 2285 318 2309 pg.
339 2278 448 2302 45—47.

339 2321 361 2351 ⁸)
389 2320 426 2346 Cf.
446 2322 509 2354 prol.
529 2331 568 2355 pg.
581 2323 622 2348 48.
643 2323 682 2348 74.

338 2363 360 2393 ⁴)
387 2363 424 2388 Cf.
444 2365 509 2397 prol.
530 2374 568 2398 μς.
582 2367 622 2390 45.

337 2407 358 2437 ⁵)
386 2408 491 2432 Praeter
511 2409 650 2439 exemplum
671 2410 695 2434 in
716 2410 780 2442 prol.
801 2419 840 2442 pg.
854 2410 885 2434 ’σῖ
906 2410 1008 2434 allatum
1032 2408 1062 2433 cs.
1084 2416 1181 2433 xer-suni
1208 2409 1216 2434 1
1238 2411 1260 2440 7,
1280 2410 1324 2434 49:
1352 2410 1398 2435 huc
1417 2411 1477 2435 ades
1497 2414 1521 2434 et
1540 2411 1639 2440 genium
1660 2411 1726 2435 ludis
1745 2411 1893 2442 geniumque

197 2450 296 2475 choreis
315 2451 472 2475 concelebra.
758 2472 760 2474 ,

338 2493 358 2523 ⁵)
387 2493 422 2517 De
442 2502 533 2519 versus
553 2495 728 2519 emendatione
747 2496 876 2520 admodum
896 2496 970 2520 dubia
991 2496 1043 2520 dixi
1064 2496 1125 2527 prol.
1148 2503 1185 2527 μς,
1200 2496 1307 2520 ‘to-77.
