2112 2634
959 85 1153 113 --9-

207 185 294 213 ‹piam
320 175 348 203 in
371 175 473 203 haruin
496 173 709 203 svutentiamnn
728 172 967 204 coniunctioni-¹)
992 178 1020 201 et
1044 173 1072 202 in
1097 173 1222 209 imagine
1249 173 1342 202 verbis
1368 174 1476 202 ’sedula
1503 174 1593 204 νυνι-ι’
1618 175 1787 203 aduinbrata
1814 176 1908 213 potins

208 241 294 270 quam
315 240 450 270 expressa
468 230 593 269 positam
612 240 676 259 esso
694 229 893 258 demonstravi
912 229 982 268 prol.
997 229 1092 268 pg.20
1106 234 1133 257 et
1148 229 1197 258 24.
1227 230 1298 259 Cum
1318 230 1450 267 sequenti
1469 230 1611 259 sententia
1630 230 1709 265 (huic
1727 236 1802 269 paret
1823 236 1908 270 atqui·

208 288 307 326 epulas
326 287 386 326 ipsa
404 286 536 315 ministra
553 286 646 323 gerat)
665 286 814 315 notionem
833 286 924 324 qualis
942 290 985 314 est
1004 285 1032 314 in
1051 285 1138 315 verbo
1157 286 1310 315 venerandi
1330 286 1421 315 multo
1441 286 1543 316 melius
1568 286 1724 316 convenire
1750 297 1809 317 non
1835 297 1908 325 nego

207 343 376 373 admonitus
399 343 440 372 eis
462 351 536 380 qnae
554 343 599 371 Cr.
619 342 736 381 scripsit
759 342 817 380 (pg.
834 342 922 379 :minz
955 341 1083 371 *Warum
1110 342 1249 380 aboi-geht
1275 342 1304 371 B.
1329 342 1374 371 die
1392 342 1492 371 Worte
1517 345 1575 381 ipsa
1600 344 1728 372 mi‘m'stra
1752 344 1805 373 mit
1829 344 1908 373 Still-

208 399 380 438 srhweigen.
393 398 438 428 die
452 398 525 428 doch
539 407 590 427 aus
602 407 673 433 ‘ganz
687 397 839 427 dci-selben
851 398 1047 435 Anschauung
1062 398 1317 436 hervorgegangen
1327 399 1403 430 sind,
1415 399 1466 427 wie
1478 399 1528 428 das
1542 399 1693 438 angeblirh
1707 400 1907 439 interpolierte

207 454 366 486 renerum?
390 456 502 485 niesem
520 455 690 484 erlauchten
704 454 772 484 Gast
789 454 955 493 gegensiher
973 454 1009 484 ist
1026 454 1071 483 die
1089 454 1270 484 Hansherrin
1289 454 1442 484 Dienerin'.
1473 455 1529 484 Sed
1547 464 1583 484 ne
1601 456 1670 485 haec
1687 456 1805 494 quidem
1826 457 1908 495 plane

207 513 391 545 comeniunt,
414 511 650 551 qnandoquidem
675 511 806 540 ministra
828 520 887 540 non
910 510 1009 540 eadem
1028 516 1071 540 est
1089 520 1162 550 qnae
1180 520 1270 540 serva.
1304 511 1380 540 Num
1398 521 1465 540 voro
1491 512 1543 541 hae
1567 513 1769 542 convenientia
1793 513 1906 542 etiamsi

207 569 332 608 perfecta
364 568 401 597 sit
431 568 476 597 illa
510 567 622 597 tollitur
645 565 822 597 difficultas?
861 567 923 596 Meo
947 567 1052 596 iudicio
1078 576 1113 596 ne
1138 573 1200 597 tum
1225 567 1343 606 quidem
1369 568 1532 603 tolleretur,
1566 568 1589 597 si
1614 569 1668 598 alio
1693 569 1906 599 sententiarum

206 626 307 654 ordine
331 625 473 663 scriptum
499 629 591 654 esset:
623 628 736 653 tantum
762 628 897 653 venerata
919 623 1013 653 virum
1039 624 1105 653 huic
1130 628 1211 662 paret
1233 628 1320 662 atque
1344 624 1444 663 epulas
1469 624 1530 663 ipsa
1558 625 1689 654 ministra
1713 630 1804 662 gerat,
1830 626 1908 655 hunc

205 681 304 711 sedula
335 685 432 716 curet;
466 690 533 710 nam
566 685 628 709 tum
661 689 779 719 quoque
810 686 932 719 propter
961 680 1146 718 pronominis
1177 677 1350 719 ἀναφοράν
1373 689 1473 709 vocem
1498 680 1653 710 ‘venerata'
1680 682 1714 710 ad
1746 682 1905 711 secundam

206 737 383 767 sententiam
416 737 483 766 item
516 736 626 767 referre
656 736 839 766 deberemus.
885 735 996 765 Tamen
1028 736 1104 775 quod
1130 736 1175 766 Cr.
1200 735 1273 765 dixit
1300 736 1490 765 scitissimum
1515 742 1602 776 atque
1627 737 1815 767 utilissimum
1842 748 1906 768 esse

206 793 345 824 arbitror:
378 793 434 823 iam
467 793 545 823 enim
578 793 726 831 intellego.
759 792 836 832 quod
868 797 953 822 antea
986 802 1031 821 me
1062 801 1120 821 non
1152 792 1220 822 satis
1251 792 1430 822 intellexisse
1462 793 1567 828 fateor,
1598 803 1656 832 quo
1689 794 1775 823 modo
1807 794 1829 823 is
1858 794 1905 833 qui

206 851 396 889 archetypum
429 850 554 879 confecit
584 849 728 879 adductus
759 849 811 882 sit,
845 855 876 879 ut
907 849 960 878 hac
983 850 1044 888 ipsa
1070 849 1229 879 venerandi
1254 858 1322 879 voce
1346 849 1479 879 lacunam
1505 850 1638 888 expleret.
1687 851 1837 884 Ceterum,
1871 860 1906 880 ne

206 907 382 946 pertinacior
405 915 468 936 esse
493 906 599 939 videar,
623 906 665 935 sic
688 905 844 935 concludo:
883 905 906 935 si
939 905 1003 944 quis
1034 905 1089 935 sibi
1114 906 1288 944 persuadere
1312 906 1420 945 poterit
1443 924 1483 928 —
1508 916 1559 945 ego
1585 915 1646 936 non
1669 916 1790 946 possum
1815 924 1853 928 ——-
1878 912 1906 937 et

206 962 328 993 verbum
353 962 511 992 venerandi
536 968 615 992 recte
638 962 693 992 hoc
717 962 778 992 loco
802 966 977 1001 usurpatum
1003 972 1066 992 esse
1091 967 1119 991 et
1142 962 1290 992 Tibullum
1315 971 1382 992 eum
1407 972 1480 997 esse,
1505 967 1537 992 ut
1560 963 1596 992 de
1620 973 1672 993 sua
1697 972 1762 992 cum
1786 964 1905 993 Messala

205 1019 402 1049 familiaritate
426 1018 546 1048 verbum
572 1018 728 1048 venerandi
760 1027 903 1057 usurpare
927 1018 1053 1047 voluisse
1084 1018 1265 1053 credatur2t,
1297 1019 1432 1048 traditam
1466 1028 1564 1049 versus
1597 1020 1721 1049 formam
1752 1030 1767 1049 a
1791 1020 1906 1050 Tibullo

206 1075 363 1114 profectam
389 1085 453 1105 esse
477 1075 588 1111 credat;
623 1075 727 1104 ceteris
751 1075 826 1104 enim
852 1084 926 1113 quae
949 1074 1032 1104 attuli
1057 1075 1239 1112 argumentis
1264 1084 1300 1104 ne
1325 1075 1489 1105 coniunctis
1514 1075 1633 1114 quidem
1659 1081 1772 1105 tantum
1798 1076 1905 1111 tribuo,

206 1137 239 1162 ut
262 1132 516 1171 interpolationem
543 1132 708 1161 necessario
733 1131 920 1161 statuendam
945 1140 1008 1160 esse
1033 1131 1073 1160 eis
1097 1131 1230 1161 evincere
1248 1131 1342 1167 velim,
1367 1140 1433 1161 nam
1451 1131 1586 1162 Tibullus
1610 1142 1727 1171 quoque
1744 1133 1905 1162 sententias

206 1197 267 1218 non
297 1188 436 1218 omnibus
467 1188 599 1218 numeris
630 1188 777 1217 absolutas
805 1187 965 1217 confecisse
990 1186 1130 1226 potest3).
1175 1188 1226 1217 Cui
1252 1197 1320 1217 vero
1344 1188 1379 1217 ad
1404 1188 1449 1218 illa
1474 1194 1646 1227 argumenta
1671 1198 1731 1218 non
1755 1189 1825 1218 levia
1850 1189 1905 1218 hoc

205 1245 283 1284 quod
314 1254 328 1274 a
353 1245 510 1274 venerandi
543 1245 663 1274 notione
693 1244 818 1283 petitum
849 1248 894 1273 est
924 1248 1132 1282 argumentum
1156 1244 1293 1274 accedere
1318 1243 1476 1280 videbitur,
1508 1245 1647 1275 traditum
1680 1254 1794 1275 versum
1820 1245 1858 1275 33
1890 1256 1904 1276 a

205 1301 319 1331 Tibullo
343 1301 483 1340 scriptum
510 1309 568 1330 non
593 1310 656 1330 esse
681 1310 793 1331 mecum
819 1299 904 1330 dIcat.

346 1357 401 1392 15,
419 1358 468 1386 47.
514 1356 604 1386 Verba
634 1357 723 1396 ‘quod
754 1357 836 1387 adest
865 1357 932 1386 huic
959 1356 1038 1386 dives
1065 1356 1185 1386 amator'
1214 1357 1248 1386 ad
1279 1357 1452 1397 explendam
1482 1357 1590 1387 codicis
1615 1363 1625 1387 t
1653 1358 1786 1388 lacunam
1811 1359 1845 1388 ab
1870 1369 1903 1388 eo

204 1414 254 1453 qui
278 1413 467 1453 archetypum
492 1413 620 1443 confecit
644 1413 816 1452 interpolata
842 1423 907 1443 esse
931 1413 1088 1443 arbitratus
1112 1413 1157 1443 his
1173 1413 1268 1443 verbis
1293 1423 1363 1443 usus
1387 1423 1452 1443 sum
1476 1414 1536 1453 (pg.
1555 1414 1622 1449 27):
1647 1414 1762 1450 ιΤίΙωΙΙ,
1786 1415 1838 1444 der
1855 1415 1906 1444 aut*

204 1471 261 1499 den
285 1470 358 1500 alter
381 1474 442 1499 erst
457 1470 489 1499 V.
507 1469 547 1499 69
571 1469 805 1503 zurfickkommt‚
831 1470 909 1499 muss
933 1469 1005 1504 hier,
1030 1469 1169 1499 ebenfalls
1194 1470 1268 1499 wohl
1292 1469 1330 1499 im
1356 1470 1533 1506 Perfectum,
1558 1475 1645 1500 etwas
1670 1480 1725 1500 von
1749 1471 1814 1501 dem
1834 1472 1902 1500 Ver-

204 1526 310 1556 haltnis
333 1531 431 1565 gesagt
455 1526 564 1560 haben,
598 1526 648 1555 das
671 1526 815 1556 zwischen
840 1526 906 1555 dem
931 1525 1052 1555 verliebt
1074 1526 1248 1564 gemachten
1279 1527 1338 1556 und
1368 1527 1418 1556 der
1442 1527 1665 1557 bezaubernden
1690 1527 1825 1557 Schonen
1851 1528 1903 1557 be·

202 1583 297 1615 stand,
322 1582 365 1612 bis
389 1582 524 1621 pletzlich
548 1582 594 1612 die
617 1582 682 1612 lena
705 1582 766 1612 sich
790 1582 979 1612 einmischte:
1004 1591 1058 1611 nur
1082 1592 1125 1618 so,
1149 1583 1264 1612 scheint
1286 1593 1326 1618 es,
1351 1583 1505 1620 gewinnen
1534 1583 1579 1613 die
1602 1583 1700 1613 Worte
1729 1584 1780 1614 des
1804 1584 1836 1613 V.
1854 1584 1902 1619 48,

203 1639 232 1668 in
257 1639 352 1668 denen
376 1642 450 1669 vent't
471 1639 550 1669 stark
575 1639 678 1668 betont
702 1639 881 1672 voransteht.
905 1639 1049 1677 richtigcn
1073 1639 1147 1668 Sinn
1172 1639 1230 1668 und
1255 1639 1527 1678 Zusammenhang'.
1568 1640 1681 1676 Quibus
1705 1640 1902 1679 comprobatis

203 1695 312 1725 addidit
337 1695 491 1725 Rothstein
517 1699 576 1735 (pg.
599 1695 689 1731 1317)
713 1696 796 1725 haec:
827 1695 913 1725 ‘Aber
936 1695 986 1724 das
1010 1697 1119 1734 genfigt
1143 1696 1238 1731 nicht3
1263 1696 1341 1726 hatte
1365 1697 1416 1726 der
1433 1697 1507 1725 Verf.
1531 1697 1621 1731 recht,
1646 1706 1678 1726 so
1704 1698 1810 1727 insssste
1835 1706 1902 1727 man

202 1752 276 1782 auch
301 1752 375 1782 noch
400 1751 464 1781 eine
489 1753 667 1790 Andeutung
690 1752 740 1781 (les
763 1752 916 1782 zeitlichen
941 1752 1135 1790 Gegensatzes
1159 1758 1316 1788 ern-arten,
1345 1752 1426 1782 nicht
1448 1753 1494 1782 ein
1518 1753 1628 1783 blosses
1653 1755 1740 1789 venit,
1772 1754 1903 1784 sondern

201 1809 250 1838 sed
274 1818 349 1838 itum:
373 1810 456 1838 venit.
503 1808 559 1838 Der
583 1809 701 1838 Dichter
725 1809 802 1838 muss
825 1809 930 1838 vorher
954 1809 1045 1838 sehon
1070 1809 1121 1838 der
1137 1809 1331 1847 Schilderung
1355 1809 1407 1839 der
1429 1810 1613 1847 gliicklichen
1637 1809 1698 1839 Zeit
1722 1810 1805 1840 einen
1829 1811 1902 1840 Hin-

203 1865 272 1895 weis
294 1866 346 1894 aus
366 1865 412 1894 die
432 1865 504 1904 jetzt
527 1865 728 1904 eingetretene
744 1865 955 1904 Veranderung
979 1865 1170 1904 hinzuget'sigt
1192 1865 1304 1896 haben’.
1336 1866 1411 1895 Haec
1428 1866 1545 1895 dimidia
1564 1875 1664 1895 versus
1687 1871 1769 1905 parte
1791 1867 1901 1897 includi

202 1929 263 1951 non
287 1930 374 1960 posse
398 1925 476 1951 recte
501 1927 610 1951 monet.
658 1921 759 1961 Neque
783 1927 880 1951 tamen
905 1922 966 1952 viro
991 1922 1076 1951 docto
1099 1922 1176 1952 inter
1200 1922 1286 1952 verba
1311 1921 1399 1952 ‘mihi’
1424 1927 1451 1951 et
1475 1922 1572 1961 ‘quod'
1597 1923 1755 1952 hexametri
1780 1923 1900 1954 alteram

202 1982 329 2016 partem,
360 1982 595 2017 pentametrum,
628 1977 780 2007 dimidium
805 1978 955 2017 sequentis
980 1978 1139 2008 hexametri
1164 1978 1346 2008 intercidisse
1369 1978 1484 2018 putanti
1494 1979 1519 2017 ⁴)
1542 1979 1701 2014 assentior,
1726 1979 1791 2018 quia
1816 1979 1900 2010 verba

345 2103 366 2135 ¹)
393 2103 481 2128 Moneo
509 2103 649 2128 Eduardum
670 2103 753 2128 fliller
777 2104 801 2128 in
825 2104 881 2128 adn.
901 2104 958 2128 crit.
978 2111 1017 2136 pg.
1035 2104 1059 2127 ll
1087 2104 1184 2129 dicere:
1213 2104 1291 2129 ‘For-t.
1317 2108 1372 2137 post
1392 2106 1475 2129 uirum
1498 2105 1638 2130 hexametri
1664 2113 1722 2137 pars
1741 2105 1822 2130 altera
1847 2114 1901 2130 cum

203 2150 357 2178 pentametro
381 2151 408 2171 et
430 2147 569 2171 hexametri
593 2146 766 2178 subsequentis
792 2154 848 2179 pars
869 2147 939 2179 prior
959 2147 1161 2172 interciderunt'.
1198 2148 1275 2179 Quam
1299 2149 1440 2181 opinionem
1467 2149 1489 2174 si
1515 2149 1660 2181 probarem,
1685 2149 1728 2172 illa
1754 2149 1900 2181 paginarum

203 2189 366 2215 ratiocinatio
391 2198 438 2214 non
462 2190 623 2219 concideret;
647 2190 735 2222 quippe
759 2190 868 2215 dicerem
887 2191 912 2215 in
931 2191 1017 2215 codice
1035 2195 1045 2215 t
1063 2191 1110 2215 iam
1131 2191 1154 2215 in
1176 2192 1265 2223 pagina
1281 2192 1341 2224 ¹⁴1³,
1366 2195 1392 2216 ut
1411 2200 1510 2216 carmen
1531 2200 1585 2216 cum
1605 2192 1693 2224 pagina
1713 2192 1900 2222 terminaretur,

205 2234 235 2257 15
249 2240 340 2257 versus
359 2232 640 2264 ruisse(15‚19-33),
659 2233 684 2257 in
700 2233 751 2258 15³
770 2237 953 2266 pentametrum
972 2235 1089 2258 amissum
1109 2238 1134 2259 et
1155 2238 1249 2267 partem
1269 2235 1409 2260 hexametri
1429 2236 1545 2260 amissam
1565 2244 1617 2259 cum
1638 2239 1750 2260 extrema
1766 2244 1855 2260 versus
1869 2237 1900 2259 33

204 2279 276 2308 parte
294 2280 320 2301 et
338 2284 428 2301 versus
449 2277 556 2301 34—46.

346 2318 368 2350 ¹)
395 2319 431 2345 Cf.
452 2320 515 2352 prol.
537 2328 576 2353 pg.
591 2320 622 2344 23
642 2324 668 2345 et
687 2320 726 2345 24.

346 2362 366 2394 ³)
395 2363 465 2395 Quod
485 2364 628 2388 rectissime
648 2367 732 2388 monet
750 2363 857 2396 Magnus
875 2366 926 2397 (pg.
943 2366 1026 2395 1548).

346 2406 367 2436 ⁴)
395 2406 431 2430 Cf.
451 2414 514 2438 quae
533 2407 595 2431 dicit
615 2406 720 2438 Magnus
739 2411 790 2439 (pg.
807 2408 871 2432 1549
882 2410 942 2440 sq.):
961 2408 1011 2432 ‘Ich
1031 2409 1100 2433 halte
1118 2416 1186 2433 zwar
1207 2409 1275 2433 nicht
1294 2408 1334 2433 fiir
1353 2409 1487 2439 glaublich,
1507 2408 1562 2433 dass
1581 2409 1622 2434 die
1638 2409 1728 2433 Worto
1747 2409 1814 2441 qnod
1830 2408 1900 2433 ucles!

202 2450 260 2474 huic
277 2449 347 2473 dives
364 2451 467 2474 amator
485 2458 516 2474 zu
535 2450 678 2474 athetiereu
697 2450 782 2481 seien3
809 2451 870 2476 aber
889 2452 929 2476 die
949 2452 973 2476 in
994 2452 1039 2476 der
1058 2451 1199 2482 Beziehung
1217 2452 1261 2476 des
1281 2453 1341 2476 haec
1362 2460 1469 2476 nocuere
1490 2453 1549 2476 mihi
1570 2453 1684 2483 liegonde
1704 2452 1899 2482 Scbwierigkeit

205 2492 313 2516 erkenne
334 2492 373 2516 ich
393 2493 440 2516 ια’.

255 2534 340 2556 Διιαυ.
357 2534 436 2560 Gym.
466 2536 526 2556 1894.
1655 2539 1670 2563 2
