2112 2634
932 74 1121 101 -4-

181 176 205 194 a.
228 164 304 193 187ss
328 163 496 197 contet-iv).
532 163 624 191 littera
649 171 666 199 q
701 162 773 190 infra
806 169 920 189 versum
957 161 1122 198 pertinente
1151 169 1250 188 verum
1276 168 1333 188 uon
1359 164 1410 188 est.
1456 159 1583 187 Emenso
1609 158 1677 187 mihi
1702 158 1864 188 litterarum

182 221 307 259 spatium
334 219 447 248 videtur
471 218 573 247 fuisse:
609 217 672 246 ‘bec
695 216 801 256 patieii'i
828 221 856 245 et
880 216 1067 254 (compendio
1091 215 1244 254 scriptum)
1269 214 1339 249 uro‘,
1375 224 1461 253 quam
1497 214 1649 243 lectionem
1681 214 1714 242 ab
1750 224 1782 243 eo
1818 214 1868 253 qui

182 276 310 305 codicem
334 275 473 313 ‘quinque
500 273 593 302 saltim
624 273 770 302 decenniis
801 271 903 310 post'2)
928 271 1051 301 correxit
1080 270 1224 300 sublatam
1256 280 1319 299 csse
1344 279 1401 299 non
1426 275 1470 299 est
1493 270 1570 308 quod
1596 270 1743 299 miremur.
1790 270 1866 299 Cou-

183 332 301 361 cedetur
324 334 402 359 certe
427 329 603 359 credendum
629 329 708 357 nullo
735 328 820 356 modo
845 337 908 356 esse
932 327 1012 356 illum
1038 332 1234 356 correctorem
1257 327 1285 355 in
1304 326 1402 355 codice
1419 326 1558 364 scriptum
1577 326 1678 364 legisse
1695 326 1772 364 quod
1791 334 1869 355 nunc

183 387 315 417 traditur.
361 385 468 421 Quodsi
494 395 568 414 unus
593 385 682 413 codex
706 384 729 413 A
756 394 770 412 a
795 384 905 421 vulgata
929 383 1073 421 scriptura
1097 383 1287 421 discreparet,
1319 383 1381 411 eius
1406 381 1554 411 librarium
1583 382 1611 411 in
1637 391 1668 410 re
1692 391 1765 420 quae
1790 382 1867 420 parvi

184 444 296 472 videtur
320 452 382 471 esse
408 441 548 470 momenti
574 450 707 479 peccasse
733 440 891 468 iudicantes
915 439 1175 477 acquiesceremus.
1222 439 1278 468 Sed
1307 438 1418 476 aliquot
1447 438 1560 467 codices
1589 442 1618 467 et
1641 437 1785 466 editiones
1809 438 1867 466 col-

183 499 363 536 lationesque
388 502 515 526 vetustae
541 500 688 525 testantur
712 502 780 524 *non
806 495 861 524 hoc
883 495 1027 533 patiemur
1050 498 1078 523 et
1101 494 1214 533 aequo',
1238 503 1316 523 unus
1341 493 1413 522 liber
1433 494 1552 532 praebet
1569 498 1637 522 ‘non
1655 493 1709 522 hoc
1726 493 1870 531 patiemur

184 565 198 583 e
223 554 340 587 nostro',
377 562 450 582 unus
485 556 554 581 ‘uon
588 552 642 581 hoc
666 556 764 580 nostro
788 550 984 589 patiemui·’³).
1029 551 1114 589 Atqui
1139 550 1191 579 hae
1215 550 1374 589 scripturae
1399 558 1458 578 non
1481 554 1550 578 sunt
1574 549 1636 578 eius
1662 549 1756 584 modi,
1793 555 1824 578 ut
1855 558 1869 577 a

184 619 329 649 quoquam
355 609 496 647 vulgatae,
533 617 604 646 quae
636 608 778 646 optimum
809 616 927 636 sensum
961 606 1091 645 praebet,
1127 606 1287 644 scripturae
1318 605 1516 635 emendandae
1539 605 1694 644 cupiditate
1718 604 1868 644 supposita

184 676 247 695 esse
272 666 394 694 debeant
418 664 504 693 credi.
552 664 639 701 Ergo,
674 668 705 693 ut
729 672 786 701 quo
812 663 897 692 modo
922 662 984 691 illae
1009 662 1076 691 oriri
1102 662 1251 700 potuerint
1275 662 1467 700 explicemus,
1498 670 1589 690 uuum
1614 661 1802 699 relinquitur,
1839 666 1870 689 ut

184 722 275 751 simile
300 721 366 759 quid
392 720 552 759 antiquitus
577 719 714 749 traditum
739 728 801 748 esse
832 724 977 758 putemus.
1024 718 1116 756 Atque
1147 718 1282 747 facillime
1314 717 1508 756 discrepantia
1540 722 1636 755 potest
1668 716 1816 756 explicari,
1846 717 1869 745 si

186 779 215 808 in
240 778 311 807 libro
336 777 492 815 archetypo
517 776 658 815 scriptum
682 776 749 804 fuit:

1148 836 1192 852 nro

838 865 891 893 hec
914 863 1058 902 patiemur
1081 868 1109 892 et
1133 873 1218 902 equo.

182 938 215 967 ln
240 936 403 976 apographo
428 936 450 964 0
476 935 541 964 inde
565 944 733 974 expressum
759 938 803 963 est
828 934 890 963 ‘hec
913 933 1058 972 patiemur
1081 937 1109 962 et
1133 931 1204 967 nro',
1240 932 1315 970 quod
1351 941 1432 961 more
1463 941 1516 960 suo
1550 931 1682 961 librarius
1714 931 1823 961 codicis
1848 934 1867 960 A

183 991 509 1031 lideliterp1·0pagavit;
545 991 678 1020 librarius
714 990 820 1019 codicis
845 991 865 1018 V
895 989 1129 1018 emendationem
1165 998 1238 1027 quae
1269 989 1296 1017 iu
1327 993 1464 1027 promptu
1494 992 1554 1016 erat
1579 987 1691 1017 videtur
1715 987 1867 1026 recepisse.

185 1050 216 1078 ln
239 1050 328 1078 altero
353 1052 449 1077 autem
475 1047 544 1081 sive,
569 1057 633 1076 cum
659 1047 750 1075 soleat
773 1045 850 1076 credi
875 1045 956 1084 plura
980 1045 1143 1084 apographa
1168 1046 1241 1075 facta
1266 1054 1339 1079 esse,
1365 1045 1392 1072 in
1417 1044 1471 1073 alio
1496 1044 1620 1082 quodam
1646 1044 1751 1082 duplex
1768 1044 1868 1072 arche-

183 1105 241 1144 typi
276 1105 415 1143 scriptura
450 1108 561 1132 servata
595 1107 652 1137 θείς
686 1102 881 1141 posteriorum
917 1100 1102 1130 librariorum
1139 1110 1204 1139 pars
1239 1100 1264 1129 id
1300 1100 1376 1138 quod
1412 1100 1440 1128 in
1469 1109 1551 1128 versu
1583 1104 1644 1128 erat
1668 1109 1719 1137 pro
1743 1099 1867 1137 genuina

183 1161 324 1200 scriptura
360 1159 474 1193 habuit,
510 1169 575 1198 pars
611 1159 705 1188 locum
741 1158 906 1187 coniectura
936 1156 1107 1186 tentandum
1138 1156 1167 1185 iu
1196 1165 1286 1195 eaque
1310 1155 1447 1185 vocabulo
1480 1165 1566 1194 supra
1591 1156 1700 1194 scripto
1726 1155 1868 1184 utendum

185 1227 247 1246 esse
270 1216 452 1253 intellexw).

327 1272 465 1310 Sequitur
489 1275 520 1300 ut
543 1279 727 1309 quaeramus,
751 1279 809 1308 quo
834 1269 919 1298 modo
943 1268 1088 1307 archetypi
1112 1268 1196 1297 lectio
1221 1267 1290 1297 oriri
1315 1267 1459 1306 potuerit3
1483 1277 1577 1305 neque
1602 1267 1678 1296 enim
1703 1276 1748 1296 res
1765 1276 1794 1296 ea
1817 1272 1869 1301 est,

187 1333 217 1358 ut
250 1329 284 1357 de
319 1337 398 1357 mero
434 1327 594 1366 scripturae
625 1326 731 1355 mendo
755 1325 882 1363 cogitare
905 1324 1069 1354 debeamus.
1118 1324 1209 1362 Atque
1235 1333 1271 1352 ne
1295 1323 1443 1362 archetypi
1467 1324 1584 1362 quidem
1611 1323 1760 1352 librarium
1785 1323 1868 1352 talem

186 1384 436 1422 interpolationem
462 1383 549 1412 animi
574 1392 657 1411 causa
681 1382 860 1419 excogitasse
883 1386 969 1419 atque
998 1389 1048 1418 pro
1073 1380 1215 1418 scriptura
1239 1379 1274 1409 ad
1298 1379 1524 1418 intellegendum
1554 1379 1687 1408 facillima
1711 1379 1870 1408 inculcasse

185 1440 321 1470 credibile
345 1444 395 1469 est.
442 1439 540 1477 ltaque
565 1438 748 1472 necessitate,
788 1442 818 1466 ut
841 1446 955 1466 versum
985 1437 1124 1475 expleret,
1159 1441 1273 1465 coactus
1299 1436 1413 1465 videtur
1437 1446 1508 1465 esse.
1557 1436 1590 1465 Et
1626 1436 1778 1473 quoniam,
1814 1445 1870 1473 quo

187 1496 296 1526 t'acilius
320 1496 477 1534 explicetur
499 1494 657 1533 genuinam
682 1503 782 1523 versus
807 1493 929 1522 formam
954 1493 1120 1522 coniectura
1144 1497 1288 1531 repertam
1314 1502 1385 1526 esse,
1409 1491 1443 1521 ab
1468 1491 1613 1530 archetypi
1635 1491 1751 1520 librario
1770 1500 1868 1520 vocem

186 1552 304 1582 ‘nostro'
330 1552 461 1581 traditam
486 1560 550 1580 esse
574 1550 701 1579 arbitrati
726 1559 838 1582 sumus.
863 1549 892 1578 iu
918 1549 989 1578 libro
1013 1558 1047 1577 ex
1070 1557 1128 1587 quo
1152 1548 1326 1587 archetypus
1350 1548 1513 1586 descriptus
1538 1552 1580 1577 est
1605 1552 1714 1577 tantum
1733 1551 1800 1576 ‘nou
1818 1557 1869 1585 ego

186 1609 285 1637 lirmus
309 1608 339 1636 in
362 1608 417 1636 hoc
440 1615 500 1635 non
525 1606 578 1635 hec
601 1606 678 1644 patie
696 1628 702 1634 .
721 1628 726 1633 .
745 1628 750 1634 .
771 1605 834 1634 nro*
859 1605 912 1643 legi
936 1605 1064 1643 potuisse
1088 1609 1232 1643 putamus.
1271 1603 1428 1636 Librarius,
1453 1604 1499 1632 cui
1524 1603 1598 1632 vocis
1623 1603 1777 1641 patientiae
1801 1608 1870 1632 tunc

184 1664 278 1702 ipsum
304 1663 334 1692 iu
359 1666 485 1691 mentem
512 1671 571 1691 non
596 1662 706 1691 veniret
736 1666 761 1690 et
787 1661 907 1690 verbum
935 1661 1046 1690 linitum
1071 1660 1227 1689 desiderari
1252 1660 1410 1689 videretur.
1446 1659 1539 1698 primo
1564 1658 1723 1697 ‘patiemur'
1747 1659 1869 1697 scripsit.

186 1719 243 1748 Iam
269 1729 334 1748 cum
358 1718 480 1748 ‘nostro'
504 1723 622 1756 propter
646 1722 771 1747 metrum
796 1717 825 1746 iu
849 1727 932 1746 versu
957 1716 1075 1746 retineri
1100 1724 1158 1744 non
1183 1721 1292 1753 posset,
1316 1716 1364 1745 sed
1390 1715 1530 1744 adiectivo
1554 1716 1587 1744 ad
1607 1724 1706 1744 vocem
1731 1715 1870 1753 ‘ingenio’

186 1775 341 1814 pertinenti
359 1784 432 1812 opus
449 1778 533 1808 esset,
557 1774 618 1812 ipsa
635 1774 777 1803 sententia
802 1778 930 1811 ‘aequo
953 1772 1079 1811 ingenio’
1104 1772 1329 1807 commendavit;
1353 1772 1449 1801 vocula
1474 1771 1521 1801 ‘et'
1539 1771 1707 1810 interposita
1731 1771 1777 1800 ille
1801 1771 1868 1800 satis

185 1831 335 1860 infeliciter
359 1835 451 1859 metro
474 1830 621 1859 satisfecit.
664 1830 770 1858 Vocem
795 1833 953 1858 extremam
978 1838 1044 1858 cum
1068 1828 1194 1867 recipere
1218 1828 1246 1856 in
1271 1837 1387 1856 versum
1413 1836 1471 1856 nou
1497 1828 1638 1866 potuisset
1662 1836 1756 1866 neque
1780 1827 1870 1856 inter-

185 1887 280 1925 cipere
303 1887 432 1919 auderet,
456 1895 542 1924 supra
567 1885 728 1924 adscripsit,
753 1885 779 1914 id
804 1885 880 1923 quod
905 1885 1022 1923 saepius
1046 1885 1074 1913 in
1099 1893 1129 1912 re
1153 1883 1238 1913 dubia
1264 1893 1329 1913 eum
1352 1883 1455 1912 fecisse
1479 1888 1592 1913 constat
1602 1883 1634 1918 ὕ).

326 1942 383 1971 lam
415 1951 482 1971 vero
516 1941 572 1971 tale
607 1941 689 1979 quale
720 1941 748 1970 in
773 1941 828 1970 hoc
852 1950 935 1970 versu
966 1941 1073 1970 factum
1098 1945 1160 1969 erat
1183 1940 1322 1969 damnum
1347 1949 1524 1978 quamquam
1549 1939 1576 1968 in
1603 1939 1724 1968 mediam
1750 1939 1868 1977 paginae

186 2002 295 2036 partem
331 1998 431 2027 cadere
467 2003 576 2036 potest,
611 2002 709 2027 tamen
744 1997 774 2026 in
809 2006 957 2026 summum
994 1996 1163 2025 infimumve
1197 1996 1317 2034 paginae
1354 2005 1469 2025 versum
1509 1995 1644 2024 facillime
1680 1995 1782 2024 cadere
1816 2004 1868 2033 ap—

186 2058 275 2093 paret.
322 2055 419 2092 ltaque
451 2058 605 2093 postquam
637 2053 920 2091 argumentationem
951 2053 1036 2081 modo
1064 2052 1241 2090 propositam
1267 2052 1295 2081 in
1319 2051 1509 2081 bibliothecae
1535 2051 1743 2080 Ambrosianae
1766 2050 1868 2080 umbra

326 2161 345 2191 ¹)
374 2161 441 2185 Dicit
468 2161 483 2184 l.
504 2161 519 2184 l.
541 2168 578 2192 pg.
598 2160 641 2185 61:
670 2160 725 2184 ‘Die
745 2160 822 2183 editio
844 2159 974 2189 Regiensis
1000 2159 1060 2183 liest
1078 2159 1134 2181 ‘uon
1154 2158 1200 2181 hoe
1219 2158 1343 2189 patiemur
1365 2161 1389 2181 et
1407 2157 1503 2189 aequo',
1532 2157 1579 2180 und
1609 2157 1662 2181 dies
1689 2156 1751 2180 wird
1778 2156 1800 2179 in
1820 2156 1866 2180 den

187 2205 327 2236 Excerpten
347 2205 390 2228 des
410 2204 527 2228 Pei-reius
546 2204 583 2227 als
603 2203 643 2227 die
662 2203 713 2226 alte
734 2202 823 2226 Lesart
842 2203 994 2226 bezeichnet.
1026 2201 1094 2226 Ohue
1114 2200 1220 2225 Zweifel
1242 2202 1284 2224 bot
1303 2208 1330 2223 so
1349 2201 1411 2224 auch
1431 2201 1476 2224 der
1491 2200 1604 2224 Anibi-os.
1620 2208 1666 2223 von
1681 2203 1766 2223 erster
1782 2198 1868 2222 nand!

326 2248 347 2277 2)
375 2255 435 2277 crgo
455 2246 563 2270 soi-tasse
583 2250 711 2278 postquam
726 2245 851 2269 Pantanus
872 2246 935 2269 illud
954 2245 1011 2268 ‘uon
1026 2245 1084 2268 haec
1099 2244 1219 2276 patientia
1234 2243 1326 2267 uostro'
1341 2244 1431 2275 posuit.
1461 2242 1496 2267 Cf.
1513 2244 1646 2267 Baebi-ensi
1661 2242 1756 2275 proleg.
1768 2250 1806 2274 pg.
1817 2241 1867 2266 Vll.

325 2291 346 2319 8)
375 2290 436 2314 Vide
455 2290 510 2313 adu.
528 2290 550 2319 1)
569 2293 593 2313 et
615 2289 766 2312 Broukhusii
785 2289 821 2312 ed.
843 2297 879 2320 pg.
894 2288 950 2312 423.
988 2288 1121 2312 Praeterea
1146 2286 1176 2310 cs.
1202 2287 1239 2311 ed.
1256 2287 1395 2311 vossiauae
1420 2286 1457 2315 (T.
1479 2287 1525 2309 und
1547 2285 1686 2318 Lygdamus
1707 2285 1767 2308 nach
1786 2285 1867 2309 Hand-

186 2332 306 2357 scbrifteu
327 2333 491 2363 berichtiget,
514 2333 587 2360 1811)
607 2340 644 2363 μς,
660 2332 722 2359 4-12,
746 2332 782 2355 ed.
803 2330 1158 2362 lleynio-Wuuderliebiauae
1179 2337 1199 2361 p.
1216 2329 1234 2353 ll
1255 2337 1292 2361 pg.
1308 2330 1368 2359 274,
1393 2330 1429 2353 ed.
1450 2329 1622 2353 Huschkiaune
1643 2328 1755 2360 pg.4383
1784 2336 1866 2359 quam-

187 2385 256 2408 quam
276 2377 361 2401 vossii
380 2377 547 2408 manuscripta
569 2380 639 2400 caute
659 2375 796 2399 adhibenda
816 2382 871 2398 esse
892 2378 960 2397 recte
979 2377 1061 2398 mouet
1082 2373 1245 2397 Baehrensius
1266 2380 1302 2404 μς.
1317 2373 1356 2397 61.

327 2420 346 2448 ⁴)
377 2420 573 2451 Discrepautiam
593 2427 654 2450 quae
675 2422 712 2442 est
732 2419 799 2442 iuter
817 2418 880 2441 ‘hoc'
900 2421 922 2441 et
944 2417 1004 2441 ‘hee'
1024 2416 1117 2440 nullius
1137 2416 1251 2440 momenti
1272 2424 1326 2439 esse
1347 2419 1452 2440 constat.

327 2463 346 2493 ⁵)
374 2462 382 2486 I
395 2465 416 2493 1,
428 2463 449 2486 5.
463 2463 505 2492 253
519 2463 542 2493 3,
555 2463 581 2491 43
597 2462 619 2492 9,
632 2463 675 2491 403
689 2461 707 2485 ll
721 2462 741 2491 l,
753 2462 797 2490 673
812 2462 834 2491 5,
845 2462 889 2490 θὲς
903 2460 933 2484 lll
948 2462 970 2490 2,
982 2460 1024 2490 243
1040 2460 1070 2484 lV
1083 2460 1306 2491 5,16;p1·aetcreu
1317 2458 1401 2488 cf.11,
1413 2460 1456 2488 43;
1471 2458 1590 2488 1114‚‹;5;
1605 2457 1635 2483 lV
1647 2460 1667 2488 1,
1678 2456 1865 2482 40.112.11·.·n.
